2317 3850
208 40 343 129 xi(
875 67 1135 111 Arranmx
1172 68 1238 109 ns
1276 65 1382 107 nus

744 208 900 259 Calpur
924 210 987 260 ll.
1018 210 1208 259 Crat-,m
1237 220 1298 256 ετ
1323 207 1498 256 Canus.

280 324 469 387 Cybele
482 362 495 381 ,
524 324 727 373 Saturni
746 336 895 380 uxor,
912 323 1051 375 varia
1070 321 1288 373 sortitur
1301 322 1440 385 apud
1459 330 1639 387 poetas
1659 324 1883 374 nomina.
1917 323 1980 386 ὓς
1989 336 2034 371 n-

213 390 422 441 dimene
452 392 751 447 vocabatur,
786 388 1145 452 Berecynthia,
1180 396 1234 438 et
1266 388 1427 446 ldaea,
1465 402 1494 439 a
1525 391 1786 440 montibus
1813 390 2034 451 Phrygiae

216 457 490 520 Dyndimo,
540 462 594 507 et
628 456 941 517 Berecyntho
978 454 1091 511 lda,
1134 455 1221 505 ubi
1245 456 1503 519 praecipue
1535 457 1820 506 colebatur.
1867 456 2034 517 Magna

215 530 400 582 mater,
423 523 541 587 quia
566 523 635 571 dii
655 522 886 586 plurimi,
918 520 1258 583 maximique,
1284 534 1349 570 ex
1367 534 1426 571 ea
1451 521 1555 571 nati
1580 538 1592 571 :
1615 522 1740 585 OpS,
1765 528 1819 572 et
1835 522 2030 579 TelluS,

215 589 341 651 quia
357 630 369 649 ,
390 597 451 639 ut
472 591 722 638 Saturnus
744 589 897 643 coelo,
922 588 998 637 sic
1019 588 1108 636 illa
1131 593 1285 637 terrae
1309 592 1551 650 praeerat,
1574 601 1832 650 opemque
1857 594 2036 637 morta·

216 655 355 705 libus
383 656 585 707 ferebat
612 670 623 703 ε
658 654 816 709 Rhea.
858 654 979 715 quia
1007 665 1035 702 e
1062 659 1203 703 terra
1234 653 1402 703 fluunt
1431 653 1627 711 omnia,
1659 659 1714 717 et
1737 655 2031 717 gignuntur.

217 721 361 771 Dicta
388 733 597 784 quoque
619 720 767 770 Vesta
788 720 1074 783 reperitur:
1098 718 1252 781 vulgo
1271 726 1444 769 tamen
1467 720 1614 769 Vesta
1633 720 1837 769 Saturni
1855 726 2032 776 mater,

216 800 321 837 non
360 788 579 849 conjnx,
621 790 844 849 ponitur.
888 786 1067 848 ltaque
1104 784 1236 835 duas
1275 786 1438 849 aliqui
1475 786 1650 836 vestas
1687 786 2033 847 constituunt,

217 866 373 903 unam
394 853 519 904 Coeli
544 853 817 915 conjugem
827 855 895 901 et
920 858 1137 901 matrem
1168 852 1408 901 Saturni:
1439 852 1650 902 alteram
1675 850 1935 915 juniorem
1956 890 1969 909 ,
1989 858 2038 903 et

215 919 424 981 Saturni
447 919 619 969 filiam.
644 918 912 968 Seniorem
935 917 1170 968 eamdem
1197 930 1312 968 esse
1339 931 1457 969 cum
1484 917 1697 981 Cybele,
1727 930 1787 968 ac
1813 918 2034 979 Tellure,

215 990 449 1036 censent.
490 986 801 1047 Pingebatur
836 984 926 1035 illa
965 984 1180 1041 sedens,
1221 984 1340 1047 quia
1379 990 1520 1034 terra
1553 988 1679 1041 stat,
1713 984 1821 1034 suis
1855 983 2039 1037 librata

218 1050 567 1115 ponderibus;
605 1058 898 1114 tympanum
936 1050 1156 1113 gerebat
1175 1062 1361 1107 manu,
1397 1051 1518 1113 quia
1550 1057 1688 1100 terra
1719 1056 1900 1102 ventos
1927 1051 2038 1101 sinu

218 1118 475 1175 continet,
501 1117 589 1181 qui
614 1122 893 1179 erumpunt
911 1116 1031 1165 inde
1061 1129 1181 1166 cum
1203 1116 1408 1179 fragore
1429 1132 1442 1173 ς
1473 1115 1688 1167 aderant
1713 1116 1906 1167 circum
1930 1117 2042 1169 bel«

219 1183 347 1241 luae3
380 1195 541 1234 curru
572 1184 877 1239 vehebatur,
910 1194 1068 1245 quem
1093 1181 1367 1232 trahebant
1402 1183 1606 1240 leones;
1641 1189 1796 1245 caput
1827 1183 2041 1233 floribus

219 1249 530 1313 plantisque,
552 1251 737 1313 saepius
758 1260 947 1300 corona
968 1260 997 1299 e
1018 1248 1250 1298 turribus
1267 1256 1321 1299 et
1337 1261 1600 1299 murorum
1621 1250 1788 1312 pinnis
1804 1248 2037 1307 conflata,

218 1315 541 1379 cingebatur.
564 1314 743 1365 iunior
762 1316 907 1364 Vesta
926 1314 1033 1376 igni
1053 1319 1299 1377 praeerat,
1321 1314 1476 1377 eique
1497 1328 1638 1364 aram
1659 1316 1819 1365 Numa
1843 1315 2044 1379 Pompi-

218 1378 322 1431 lius
344 1382 687 1438 consecravit,
716 1386 773 1431 et
790 1382 961 1443 ignem
988 1380 1039 1429 in
1068 1393 1156 1429 ara
1176 1386 1484 1443 perpetuum
1507 1381 1674 1431 foveri
1692 1382 1872 1444 jussit,
1896 1382 2044 1444 cujus

218 1448 392 1498 alendi
417 1459 594 1499 curam
612 1447 895 1510 virginibus
926 1446 1213 1497 Vestalibus
1248 1446 1590 1497 demandavit.
1626 1448 1680 1495 Si
1707 1460 1828 1497 casu
1853 1448 2043 1497 exstin-

220 1519 489 1576 gueretur,
516 1512 845 1563 indicebatur
865 1512 1147 1574 Justitimm
1171 1517 1224 1562 et
1247 1513 1479 1577 publica,
1510 1513 1810 1573 privataque
1838 1516 2049 1574 negotia

219 1579 709 1636 intermittebantur,
760 1578 925 1629 donec
970 1578 1264 1641 prodigium
1305 1578 1434 1627 illud
1468 1576 1744 1626 infaustum
1787 1577 2047 1639 expiatum

220 1644 435 1696 fuisset:
458 1646 503 1695 si
522 1644 795 1695 Vestalium
820 1645 1017 1695 incuria
1036 1683 1049 1702 ,
1073 1645 1300 1708 graviter
1323 1644 1375 1691 in
1400 1656 1488 1692 eas
1514 1640 2042 1694 animadvertebatur.

221 1712 499 1771 Quotannis
522 1711 865 1762 renovabatur
889 1711 1019 1773 ignis
1041 1711 1155 1767 ille,
1178 1708 1408 1759 kalendis
1431 1707 1646 1764 martiis,
1670 1708 1828 1771 petita
1853 1722 1957 1758 non
1979 1710 2048 1761 ab

222 1778 344 1841 igne
370 1777 500 1835 alio,
540 1778 629 1827 sed
659 1790 688 1827 a
720 1777 855 1833 sole,
892 1778 1111 1827 flamma.
1152 1773 1372 1837 Cybeles
1407 1772 1566 1831 festa,
1599 1774 1868 1837 Megalesia
1895 1788 2049 1827 voca-

222 1844 448 1895 bantur:
476 1842 769 1895 sacerdotes
802 1842 1107 1893 dicebantur
1132 1840 1287 1897 Galli,
1318 1853 1348 1890 a
1378 1840 1546 1897 Gallo,
1585 1840 1818 1905 Phrygiae
1853 1840 2012 1891 fluvio
2030 1880 2046 1900 ,

222 1911 373 1973 cujus
398 1922 530 1974 aqua
556 1916 739 1974 epota,
770 1910 822 1960 in
848 1909 1046 1960 rabiem
1074 1906 1209 1957 versi
1237 1906 1536 1958 lacerabant
1565 1920 1622 1957 se
1652 1907 1831 1958 cultris
1851 1947 1863 1966 ,
1894 1914 2052 1972 caput

224 1977 465 2028 rotabant
481 2016 493 2035 ,
528 1983 583 2028 et
604 1977 835 2028 adversis
864 1975 1121 2026 frontibus
1146 1973 1284 2024 inter
1311 1987 1370 2024 se
1391 1975 1538 2025 velut
1559 1973 1880 2026 arietabant:
1908 1975 2052 2027 undo

222 2043 326 2094 illis
356 2043 509 2094 etiam
539 2044 851 2106 Corybantes
879 2053 1067 2092 nomen
1098 2039 1214 2090 fuit.
1247 2039 1549 2091 Tondebant
1579 2040 1737 2090 iidem
1764 2047 1966 2091 comam
1995 2036 2081 2092 in*

224 2110 384 2174 priori
411 2109 591 2172 capitis
618 2115 793 2172 parte,
819 2108 951 2158 stola
970 2105 1212 2156 muliebri
1236 2111 1384 2157 erant
1404 2106 1568 2158 induti
1591 2123 1605 2165 ;
1632 2107 1812 2158 lovem
1830 2107 1883 2156 in
1901 2107 2056 2158 Creta

222 2175 391 2226 insula
419 2177 652 2230 aluerant
680 2191 693 2226 ε
728 2187 857 2238 quas
888 2174 957 2223 oh
993 2185 1176 2223 causas
1203 2173 1418 2224 Curetes
1441 2173 1634 2237 pariter
1659 2173 1824 2224 dictos
1849 2173 2053 2223 volunt.

224 2243 456 2306 Denique
472 2241 805 2304 reperiuntur
822 2239 1067 2304 appellati
1086 2253 1223 2303 saepe
1243 2239 1436 2302 Dactyli
1453 2239 1594 2298 idaei;
1630 2239 1821 2303 Dactyli
1837 2238 2057 2301 quidem

226 2309 375 2372 (quae
390 2321 492 2358 vox
514 2309 687 2358 Graeca
712 2307 895 2368 diuites
916 2305 1194 2368 significat)
1220 2306 1343 2370 quia
1363 2305 1563 2362 decem,
1585 2309 1716 2368 quot
1740 2305 1793 2352 in
1816 2303 2059 2356 manibus

223 2375 397 2438 digiti,
428 2380 601 2432 erant;
628 2373 713 2424 vel
738 2371 905 2436 quod,
935 2375 1097 2424 instar
1118 2372 1424 2435 digitorum,
1449 2371 1640 2432 quibus
1681 2381 1862 2419 manus
1887 2371 2064 2422 ambae

222 2447 458 2497 utuntur,
480 2439 611 2490 divae
628 2444 816 2503 praesto
834 2445 1012 2490 essent
1030 2439 1093 2488 ad
1114 2450 1270 2488 omne
1294 2447 1558 2486 sacrorum
1578 2434 1907 2503 obsequium.
1929 2436 2060 2486 ldaei

223 2517 373 2564 vero,
399 2505 521 2568 quia
554 2504 721 2562 Idam,
745 2503 975 2568 Phrygiae
1006 2510 1232 2553 montem
1250 2540 1262 2559 ‚
1295 2500 1628 2550 incolebant.
1649 2500 1804 2548 Sacra
1835 2499 2064 2561 cybeles

223 2572 559 2625 celebrabant
600 2569 873 2619 inconditis
908 2568 1246 2624 clamoribus,
1283 2564 1470 2615 tistulis
1486 2603 1500 2622 ,
1531 2564 1671 2614 tibiis
1709 2576 1772 2614 ac
1802 2569 2065 2629 tympanis

224 2634 671 2704 percrepantibus·
693 2635 860 2684 Romae
880 2647 909 2684 a
930 2633 1131 2686 rennuis
1151 2632 1346 2683 fiebant
1361 2631 1543 2681 eadem
1560 2631 1612 2680 in
1632 2631 1826 2695 templo
1847 2645 1908 2682 ac
1935 2633 2064 2686 loco

224 2709 447 2760 secreto,
471 2701 610 2764 quod
636 2701 883 2762 opertum
906 2699 1297 2763 nuncupabant,
1325 2697 1550 2748 exclusis
1575 2697 1720 2748 viris.

289 2768 496 2821 Saturni
514 2774 569 2818 et
598 2766 741 2830 Opis,
767 2779 865 2816 seu
886 2765 1097 2828 Cybeles
1112 2802 1125 2821 ,
1148 2764 1251 2814 illia
1273 2764 1430 2814 Ceres
1445 2763 1566 2822 mit,
1605 2763 1703 2815 dea
1728 2763 1935 2829 frugum
1953 2803 1965 2822 ,
2001 2771 2070 2818 et

224 2834 485 2888 inventrix
510 2833 773 2883 frumenti.
798 2831 1141 2892 Quamobrem
1163 2842 1284 2882 cum
1309 2829 1488 2894 spicea
1507 2843 1699 2882 corona
1725 2832 1969 2896 pingitur,
2003 2837 2072 2884 et

226 2902 395 2966 plenis
418 2898 697 2954 uberibus,
728 2911 793 2948 ex
818 2910 923 2960 quo
940 2908 1236 2948 mammoste
1259 2901 1318 2950 et
1338 2897 1487 2948 almae
1517 2909 1706 2950 nomen
1733 2904 1817 2950 est
1835 2898 2030 2962 adepta
2046 2937 2064 2958 .

226 2965 367 3032 quoti
396 2976 577 3015 omnes
612 2965 733 3014 alat.
770 2965 948 3016 Facem
984 2963 1249 3026 gestabat,
1287 2963 1411 3026 quia
1445 2962 1602 3016 liliam
1639 2965 1998 3029 Proserpinam
2031 2977 2071 3016 a

226 3035 441 3085 Plutone
459 3037 659 3093 raptam
678 3030 768 3080 diu
786 3030 1025 3094 quaesivit
1044 3030 1277 3095 (Metam.
1300 3031 1394 3081 lib.
1415 3033 1446 3081 5
1469 3029 1510 3094 ),
1533 3043 1800 3094 quumque
1815 3043 2074 3082 somnum

224 3113 336 3166 prae
351 3107 577 3148 moerore
598 3109 787 3160 capere
810 3109 913 3147 non
940 3103 1141 3162 posset,
1169 3097 1220 3149 ei
1243 3105 1471 3160 papaver
1490 3097 1750 3148 edendum
1769 3098 2074 3160 praebuisse

225 3166 431 3228 Jupiter
456 3161 663 3220 dicitur,
684 3165 833 3226 cuim
856 3176 918 3214 ea
934 3163 1013 3215 vis
1032 3168 1113 3214 est
1128 3169 1190 3214 ut
1205 3175 1441 3214 somnum
1469 3161 1728 3214 conciliet.
1752 3164 1880 3214 Hinc
1899 3175 2076 3227 papa-

228 3243 353 3284 vera
376 3241 532 3279 manu
566 3230 794 3281 tenebat.
830 3231 929 3281 Usa
960 3235 1041 3281 est
1065 3230 1382 3292 Triptolemo
1408 3228 1642 3291 adjutore
1673 3228 1739 3278 ad
1765 3234 2076 3280 monstran-

227 3299 346 3348 dam
368 3294 660 3346 horninibus
685 3297 893 3348 sex-endi
913 3303 1083 3348 artem
1111 3295 1349 3360 (Metam,
1375 3294 1468 3344 lib.
1493 3293 1565 3358 5).
1591 3293 1712 3344 Erat
1737 3295 1822 3346 bic
1840 3296 2080 3348 eleusini

226 3361 394 3426 regis,
418 3361 558 3425 apud
581 3373 738 3427 quem
756 3363 1113 3428 Proserpinam
1132 3371 1372 3426 quaerens
1389 3359 1544 3411 Ceres
1562 3359 1870 3420 diverterat,
1895 3360 2075 3414 filius.
