2317 3850
315 83 429 148 240
456 117 469 128 =

969 96 1274 140 summum
1317 95 1471 138 Linea
1510 96 1550 136 n
1561 121 1574 138 .

462 173 582 232 Hoc
606 187 823 247 genus:
851 195 873 220 ι
907 174 1059 230 Hora
1083 179 1254 242 quota
1281 167 1408 228 est?
1432 173 1625 228 Thrax
1655 179 1743 229 est
1767 173 1984 230 Gallina
2006 173 2128 243 Syro

355 244 427 306 45
462 245 737 302 Matutina
768 258 963 314 parum
987 249 1184 300 cautos
1205 244 1318 312 jam
1344 242 1555 313 frigora
1574 244 1886 312 mordean-

1982 247 2130 314 {pari

462 316 540 372 Et
561 331 685 387 quae
712 316 921 372 rimosa
944 316 1084 370 bene
1109 314 1471 384 deponuntur
1501 315 1558 368 in
1582 329 1738 371 aure.

462 387 567 444 Per
596 392 775 443 totum
802 387 909 442 hoc
939 390 1157 454 tempus
1174 426 1188 450 ,
1219 384 1522 453 subjectior
1549 385 1606 439 in
1629 385 1776 440 diem
1803 385 2069 441 ethoram

462 457 713 514 iuvidiae.
744 459 950 514 Noster
980 455 1143 512 iudos
1173 461 1512 522 spectaverat
1535 469 1654 511 una
1678 497 1694 522 ,

466 529 703 585 Luserat
726 529 784 585 in
813 540 1039 595 campo,
1064 545 1084 572 ι
1117 525 1382 580 Fortunae
1405 525 1591 582 iilius!
1622 548 1644 574 ι
1681 537 1896 582 omnes.

355 597 435 661 50
466 598 729 668 Frigidus
758 613 789 654 a
819 598 1021 655 rostris
1040 603 1226 651 manat
1255 610 1353 665 per
1379 597 1625 664 compita
1652 610 1874 664 rumor-3

464 668 814 739 Quicumque
843 667 1043 723 obvius
1066 671 1182 730 est,
1209 678 1296 720 me
1322 667 1591 721 consulit.
1632 689 1654 714 ι
1675 665 1726 723 Ο
1756 667 1901 722 bone
1919 666 2066 734 (nam
2090 669 2135 722 te

464 739 619 796 Scire
638 781 653 805 ,
681 741 817 796 deos
842 737 1105 807 quoniam
1124 736 1358 804 propius
1386 737 1675 808 contingis
1693 779 1707 802 ,
1738 739 2009 807 oportet),

466 809 753 879 Numquid
779 809 847 864 de
872 807 1039 862 Dacis
1064 805 1325 862 audisti?
1344 837 1414 847 -
1437 807 1532 863 Nil
1561 808 1848 877 equidem.
1873 837 1942 848 —
1969 809 2039 864 Ut
2064 809 2118 863 tu

464 879 693 948 Semper
721 880 834 934 eris
856 877 1098 934 derisor!
1126 905 1198 917 —
1219 875 1294 932 At
1320 890 1514 933 omnes
1541 879 1600 934 di
1630 880 1916 950 exagitent
1939 892 2020 934 me
2036 920 2049 942 ,

357 949 433 1011 55
465 949 526 1005 Si
552 949 879 1017 quidquam.
905 945 1176 1018 —Quid?
1203 947 1481 1004 militibus
1506 951 1791 1018 promissa
1819 949 2100 1019 Triquetra

463 1020 680 1076 Praedia
700 1020 909 1085 Caesar,
938 1031 1009 1072 an
1040 1023 1125 1074 est
1152 1018 1288 1074 itala
1318 1019 1520 1075 tellure
1549 1021 1875 1076 daturus?-

464 1091 500 1148 J
509 1096 759 1146 urautem
789 1104 873 1146 me
908 1091 1050 1146 scire
1076 1089 1220 1144 nibil
1251 1090 1543 1156 mirantur,
1575 1096 1643 1146 ut
1673 1104 1850 1147 unum

462 1160 689 1217 Scilicet
712 1161 921 1232 egregii
954 1160 1273 1225 mortalem,
1308 1160 1521 1230 altique
1553 1160 1774 1217 silenti.

464 1230 728 1287 Perditur
752 1233 869 1288 haec
894 1232 1038 1286 inter
1069 1232 1274 1286 misero
1304 1230 1430 1296 lux,
1460 1243 1570 1285 uon
1601 1232 1729 1287 sine
1755 1230 1944 1287 votis:

356 1300 433 1364 60
466 1301 517 1359 Ο
542 1316 665 1368 ruS,
695 1302 923 1371 q'uando
952 1315 1055 1370 ego
1080 1307 1131 1356 te
1155 1301 1418 1369 aspiciam
1440 1297 1470 1354 ⁸?
1497 1303 1845 1372 quandoque
1872 1297 2054 1356 licebit

464 1373 627 1429 Nunc
652 1377 899 1428 veterum
930 1372 1123 1437 libris,
1150 1385 1299 1426 nunc
1319 1383 1514 1426 somno
1543 1376 1598 1426 et
1629 1373 1919 1429 inertibus
1955 1369 2126 1432 horis,

462 1443 679 1500 Ducere
708 1444 964 1498 sollicitae
984 1441 1233 1511 jucunda
1267 1441 1472 1496 oblivia
1497 1442 1630 1497 vitae
1650 1437 1682 1498 ?

463 1513 516 1570 Ο
544 1514 769 1582 quaudo
797 1513 921 1569 faba
944 1554 959 1578 ,
984 1510 1313 1580 Pythagorae
1335 1518 1572 1580 cognata
1591 1553 1606 1577 ‚
1643 1513 1932 1582 simulque

464 1584 646 1640 Uncta
674 1584 815 1639 satis
843 1583 1041 1654 pingui
1074 1587 1357 1650 ponentur
1387 1581 1646 1637 oluscula
1676 1584 1840 1640 lardo
1859 1587 1886 1638 Ρ

354 1654 430 1716 65
463 1653 514 1711 Ο
538 1659 761 1721 nocteS,
782 1665 1061 1721 coenaeque
1087 1651 1277 1706 deum!
1313 1649 1522 1718 quibus
1548 1651 1702 1720 ipse,
1727 1653 1954 1723 meique

462 1723 611 1780 Ante
639 1724 833 1778 Larem
861 1721 1148 1792 proprium
1180 1733 1393 1787 vescor,
1423 1734 1740 1791 vernasque
1764 1733 2021 1794 procaces

460 1793 637 1850 Pasco
667 1793 858 1848 libatis
888 1791 1157 1862 dapibus!
1186 1788 1361 1845 Prout
1388 1791 1590 1861 cuique
1619 1793 1803 1850 libido
1825 1797 1950 1859 est.

464 1863 649 1922 Siccat
679 1862 985 1933 inaequales
1009 1860 1212 1917 calices
1235 1860 1494 1931 conviva,
1528 1863 1756 1920 solutus

376 1993 443 2029 st.
472 1988 561 2029 Hoc
596 1998 741 2039 qenais.
774 1989 978 2036 Ejusmodi
1002 1999 1015 2024 ι
1044 1996 1084 2027 v.
1101 1996 1143 2033 ς.
1171 1990 1220 2025 ut

321 2046 479 2091 peteret
494 2053 517 2082 a
535 2052 597 2079 me
615 2056 626 2079 ε
647 2045 773 2088 quota
790 2045 852 2081 est
868 2044 967 2080 hora
977 2042 1052 2079 ‘3—
1064 2040 1218 2080 Thrax

319 2100 398 2145 est,
415 2103 499 2136 etc.
518 2099 619 2135 Num
630 2092 803 2135 Gallina
816 2096 1016 2140 gladiator
1038 2095 1220 2142 corporis

320 2151 471 2189 viribus
502 2153 543 2187 et
584 2151 759 2195 agilitate
790 2158 865 2196 par
903 2153 965 2187 est
1007 2148 1220 2193 gladiatori

320 2200 461 2252 syro?
500 2222 556 2233 -
588 2202 755 2242 Thrax.
786 2206 895 2243 nore
926 2203 1121 2241 'rbi-acum
1150 2210 1215 2241 ar-

322 2260 473 2296 matus.

382 2321 450 2356 ¹08.
491 2314 549 2355 Ee
568 2326 661 2366 qrtoe
683 2315 864 2363 rimosa,
892 2320 974 2355 etc.
998 2319 1047 2354 Et
1076 2314 1157 2354 aila
1177 2315 1219 2353 id

324 2379 477 2416 genus,
507 2378 596 2416 quae
628 2372 723 2409 nibil
750 2370 885 2409 arcani
906 2370 1114 2416 requirunt
1130 2396 1140 2413 ,
1171 2377 1219 2407 ao

322 2424 495 2469 garrulis
506 2425 589 2461 sine
606 2423 785 2470 periculo
802 2427 968 2471 possunt
981 2424 1192 2461 committi.

383 2486 450 2522 t'l.
476 2480 726 2532 Subjectior.
752 2485 875 2531 uagis
896 2484 938 2522 in
956 2485 1039 2522 dies
1061 2474 1218 2529 eprsi-

326 2538 393 2575 tus
410 2536 469 2576 tui
491 2538 661 2575 iuvidiae.

383 2600 452 2637 ta.
477 2596 638 2646 Noster,
666 2602 748 2637 etc.
767 2599 965 2635 Sententia
982 2600 1064 2635 estz
1082 2604 1221 2634 omnes

326 2652 432 2689 inter
462 2660 505 2689 se
534 2652 586 2688 do
613 2660 678 2688 me
708 2652 1012 2688 immurmurant
1040 2662 1052 2686 t
1086 2652 1221 2686 noster

327 2704 403 2741 iste
422 2704 633 2747 Horatius,
654 2702 774 2739 bomo
794 2703 921 2739 nostri
942 2702 1021 2739 loci
1048 2703 1089 2737 et
1113 2701 1220 2737 ordi-

327 2758 401 2801 nis,
422 2759 465 2793 et
488 2756 613 2792 nostrl
640 2754 861 2791 simillimus
875 2780 887 2800 ‚
910 2762 1014 2791 nunc
1034 2754 1220 2791 Fortunae

328 2808 431 2845 tilius
449 2811 491 2845 et
511 2806 715 2852 beatulus,
740 2810 818 2843 etc.

384 2872 449 2907 50.
478 2864 689 2915 Frigidus,
716 2871 797 2905 etc.
817 2866 857 2905 si
878 2867 967 2911 quis
989 2874 1126 2904 rumor
1144 2866 1218 2904 i'rl-

326 2919 456 2967 gidus,
469 2920 512 2957 id
536 2922 610 2966 est,
628 2928 769 2965 parum
786 2921 1028 2966 auspicatus,
1044 2928 1069 2957 a
1082 2921 1222 2958 rostris

329 2976 372 3011 et
393 2974 505 3012 curia
529 2974 701 3019 primum
728 2975 842 3011 ortus
860 3000 871 3018 ,
906 2972 947 3009 in
971 2974 1147 3017 compita
1179 2976 1221 3011 et

328 3027 524 3073 populum
544 3026 757 3072 spargitur.
783 3022 935 3063 Rostra
968 3028 1082 3063 eraut
1104 3028 1222 3063 exba-

330 3080 413 3118 droe
438 3079 621 3126 quiedam
647 3082 690 3116 et
711 3082 937 3125 suggestus,
971 3079 1076 3116 unde
1094 3088 1222 3125 popu·

329 3132 414 3171 ium
440 3133 589 3177 alioqui
607 3132 857 3178 magistratus
880 3130 1005 3169 etalii
1022 3132 1220 3181 solebant3

330 3182 377 3225 la
406 3183 570 3223 tribune
598 3194 689 3224 aux
714 3184 971 3233 hav-angues.

386 3252 455 3286 ⁸1.
480 3245 517 3287 0
537 3243 653 3286 bne.
674 3248 705 3285 0
722 3247 847 3285 amica
863 3241 877 3293 ,’
894 3254 919 3283 ο
941 3247 995 3283 mi
1013 3246 1168 3284 norati.

386 3310 453 3346 ῦς.
480 3304 604 3345 Deos.
626 3309 866 3352 augustum,
887 3308 1151 3344 liaecenatem.

387 3363 453 3397 58.
490 3357 634 3398 Dacis.
672 3360 792 3405 naci,
821 3359 941 3396 iidem
977 3360 1047 3404 qui
1082 3362 1218 3404 Getta,

331 3410 473 3457 populi
491 3412 686 3460 scythim
712 3412 769 3451 ilii
790 3411 937 3450 beilum
952 3411 1135 3449 meditari
1156 3410 1217 3448 di·

1268 1989 1459 2028 cebantur
1475 2000 1524 2029 eo
1543 1984 1858 2036 ‘temam-ue
1869 1993 1931 2029 ω.
1953 1988 2136 2033 Semnum

1268 2042 1390 2088 unges
1407 2048 1448 2081 te
1467 2044 1564 2081 nihil
1580 2046 1680 2082 scire
1693 2072 1704 2090 ‚
1731 2053 1887 2089 nosque
1906 2038 2072 2081 illudes?

1325 2099 1392 2135 ει.
1423 2094 1670 2145 Εωαρίτεηε.
1689 2098 1879 2135 Perdant.

1325 2152 1390 2188 85.
1415 2148 1463 2188 Si
1478 2148 1725 2197 quidquam.
1759 2149 1938 2188 subaudi
1964 2146 2058 2191 scio,
2086 2147 2143 2179 nu·

1269 2202 1365 2240 divi.
1393 2222 1446 2233 —
1473 2200 1618 2251 Quid?
1647 2206 1729 2241 etc.
1761 2203 1870 2241 ordo
1905 2204 1967 2239 est
1991 2212 2003 2237 ε
2035 2188 2145 2243 quid?

1271 2255 1385 2298 (alius
1405 2257 1632 2301 interrogat)
1653 2264 1706 2293 an
1733 2256 1868 2293 caesar
1894 2254 1935 2291 iu
1954 2251 2080 2291 sicilia
2102 2252 2144 2283 u

1268 2316 1362 2346 vero
1393 2308 1433 2347 iu
1455 2308 1569 2345 italia
1597 2308 1792 2346 divisurus
1821 2310 1886 2345 ost
1913 2304 2086 2351 praedlls
2109 2296 2145 2355 '‘,1

1270 2362 1351 2404 est,
1381 2370 1498 2407 agros
1522 2361 1713 2398 militibus
1729 2361 1951 2405 promissos
1964 2358 1985 2394 ἲ
1998 2373 2050 2385 -
2069 2350 2148 2391 ΤΗ·

1269 2417 1437 2460 quatra.
1465 2412 1614 2450 Eadem
1629 2422 1678 2449 ac
1696 2413 1896 2450 'trinam-ia
1906 2439 1918 2459 ,
1939 2410 1994 2448 ob
2011 2407 2084 2446 tria
2099 2402 2146 2441 Βί-

1269 2466 1372 2502 ciliae
1390 2465 1676 2511 promontoria.

1325 2520 1390 2555 89.
1420 2516 1520 2553 Hoec
1541 2514 1671 2553 inter.
1697 2516 1743 2552 lu
1772 2514 1833 2551 bis
1863 2516 1980 2559 nugis
2006 2516 2048 2552 et
2069 2516 2146 2549 mo·

1268 2569 1378 2606 lestis
1395 2568 1736 2613 occupationibus.
1761 2583 1818 2596 -›
1841 2563 1974 2606 Votis.
1991 2564 2152 2606 amuco

1271 2622 1360 2661 vitm
1379 2620 1598 2658 desiderils.

1325 2676 1392 2710 62.
1419 2670 1584 2711 Ducere
1609 2671 1782 2712 oblivia.
1803 2670 2001 2711 oblivisci.

1323 2728 1390 2763 68.
1419 2720 1671 2775 Pyekaqoroe
1693 2728 1890 2775 coquam.
1918 2722 2018 2769 Quia
2035 2720 2078 2759 in
2102 2718 2150 2755 fa-

1269 2777 1330 2815 bis
1350 2779 1516 2823 Putabat
1545 2782 1699 2819 animas
1718 2779 1922 2818 homiuum
1945 2783 2030 2813 susa
2054 2770 2150 2811 simi-

1269 2830 1327 2867 les
1347 2833 1388 2867 et
1404 2833 1595 2877 cognatas
1612 2834 1799 2881 reperiri,
1821 2834 1863 2869 et
1880 2830 1923 2867 in
1945 2837 2016 2868 eas
2030 2829 2150 2865 tranfi-

1269 2884 1454 2928 migrare.

1325 2940 1392 2975 δι.
1420 2936 1648 2977 Ponentur.
1676 2938 1930 2985 apponentur
1947 2935 1988 2972 iu
2005 2936 2145 2972 menst-

1325 2993 1392 3029 65.
1423 2988 1570 3029 Deum.
1586 2992 1632 3030 ld
1649 2994 1730 3037 est,
1749 2988 1988 3035 tranquillae,
2001 2990 2145 3027 suaves,

1269 3042 1428 3081 divinae.
1447 3042 1694 3091 —Meique.
1714 3044 1837 3081 servi.

1325 3100 1392 3134 66.
1410 3094 1577 3135 Larem.
1596 3100 1698 3133 Deos
1717 3095 1971 3134 domesticos.
1986 3109 2035 3122 -
2055 3085 2144 3126 Ver·

1270 3156 1364 3186 nas.
1384 3152 1523 3187 servos
1540 3148 1649 3185 domi
1666 3152 1796 3186 natos.

1325 3204 1393 3239 ⁶7.
1421 3198 1598 3241 Liberis.
1621 3202 1654 3239 A
1672 3210 1734 3239 me
1752 3200 1988 3247 degustatis,
2007 3192 2144 3238 νεΙΡΟ·

1271 3252 1350 3291 tius
1383 3262 1550 3301 quarum
1581 3254 1790 3299 primarias
1832 3252 1910 3291 diis
1939 3248 2076 3294 libavi,
2104 3238 2143 3279 Μ

1271 3308 1334 3343 ost
1345 3334 1356 3352 ‚
1377 3308 1602 3345 consecravi
1617 3310 1658 3343 et
1671 3306 1864 3344 dedicavi.

1326 3361 1393 3395 ⁸8.
1437 3356 1596 3397 siccat.
1636 3360 1790 3398 Haurit.
1825 3374 1875 3387 -—
1909 3345 2139 3405 inequales.

1271 3409 1382 3449 Alius
1398 3412 1573 3459 majores
1584 3438 1596 3461 ,
1617 3412 1718 3451 alius
1737 3412 1928 3450 umores.
