2317 3850
944 81 1156 141 cronon
1193 83 1368 127 tinae.

1955 76 2052 135 141

994 325 1144 385 ODE
1187 329 1280 389 lv.

954 461 1027 512 In
1054 461 1318 516 Maenam.

612 588 777 625 umnam
790 614 799 632 ,
829 587 1005 632 Pompeii
1026 587 1161 632 magni
1182 587 1366 626 libertum
1379 616 1390 636 ,
1420 588 1651 628 insectatur.

500 690 675 760 Lupis
704 695 759 745 et
782 690 943 760 agnis
970 695 1181 758 quanta
1209 693 1411 748 sortito
1437 693 1673 764 obtigit,

711 761 912 816 Tecum
944 760 1079 815 mibi
1108 762 1387 818 discordia
1415 772 1500 821 est
1518 807 1534 832 ,

499 831 731 888 Ibericis
754 837 982 900 peruste
1008 831 1240 888 funibus
1265 834 1442 900 iatuS,

710 901 785 958 Et
808 915 972 958 crura
1000 903 1140 958 dura
1161 904 1446 973 compede.

276 970 317 1030 5
498 972 651 1028 Licet
676 971 953 1040 superbus
982 974 1233 1029 ambules
1258 975 1493 1042 pecunia
1510 1017 1524 1040 ,

708 1043 955 1100 Fortuna
982 1057 1093 1100 non
1120 1051 1299 1101 mutat
1326 1059 1528 1116 genus,

495 1113 763 1178 Videsne,
792 1114 1015 1170 Sacram
1044 1116 1306 1171 metiente
1330 1123 1384 1172 te
1409 1117 1585 1183 viam,

704 1184 843 1242 Cum
868 1185 957 1241 bis
986 1191 1070 1242 ter
1097 1186 1358 1242 ulnarum
1386 1191 1516 1256 toga
1533 1229 1548 1252 ,

497 1253 575 1312 Ut
596 1268 695 1312 ora
718 1261 898 1311 vertat
924 1256 1033 1312 huc
1061 1261 1117 1312 et
1146 1257 1258 1312 huc
1283 1259 1535 1312 euntium

248 1325 319 1386 10

707 1325 1017 1382 Liberrima
1046 1322 1402 1396 indignatio?

503 1417 527 1442 c
548 1396 742 1453 Sectus
767 1397 1007 1466 flagellis
1034 1397 1126 1452 hic
1156 1396 1633 1463 triumviralibuS,

706 1467 989 1532 Praecodnis
1015 1467 1084 1522 ad
1113 1466 1426 1533 fastidium,

489 1535 630 1594 Arat
650 1535 848 1594 falerni
876 1537 1029 1592 mille
1052 1535 1214 1593 fundi
1237 1540 1436 1608 jugera
1455 1580 1472 1606 ,

704 1607 778 1663 Et
801 1609 1034 1678 Appiam
1058 1609 1283 1665 mannis
1309 1609 1475 1678 terit3

242 1678 313 1740 15

488 1676 885 1746 sedilibusque
912 1693 1147 1749 magnus
1176 1679 1233 1734 in
1261 1679 1459 1750 primis
1489 1695 1691 1751 equeS,

703 1746 925 1805 Othone
948 1755 1265 1819 contempto
1282 1793 1296 1818 ,
1325 1751 1504 1808 sedet!

490 1819 636 1890 Quid
666 1821 869 1876 attinet
894 1825 976 1877 tot
998 1835 1107 1876 aera
1137 1821 1360 1877 navium
1391 1822 1543 1891 gravi

257 1966 297 2001 1.
340 1959 514 2003 Sortito.
556 1964 681 2002 Fataii
720 1964 987 2010 necessitate5
1020 1973 1091 2003 ua·

202 2017 307 2056 tura.

256 2072 297 2106 2.
327 2066 487 2107 Tecum
516 2066 640 2107 mihi.
683 2072 805 2109 Tanta
832 2071 929 2107 mihi
962 2074 1093 2108 tecum

196 2122 403 2161 dboerdia
420 2125 494 2159 est.

257 2179 297 2213 3.
327 2173 505 2213 Iber-icit
550 2172 732 2223 funibus.
772 2177 869 2221 Quia
915 2178 1093 2220 spartum

199 2230 397 2274 optimum
418 2256 429 2274 ,
463 2238 513 2265 ex
548 2238 630 2273 quo
668 2230 816 2265 flebant
856 2230 967 2265 tunes
989 2255 999 2274 ,
1042 2228 1093 2265 ab

198 2284 393 2327 Hispania
426 2282 654 2327 petebatur.
692 2301 740 2309 -
778 2280 975 2325 Peruste,
1008 2284 1089 2317 etc.

198 2336 278 2381 Qui
305 2336 413 2373 latus
439 2334 563 2373 habea
602 2339 807 2381 perustum
831 2362 840 2380 ,
889 2336 1093 2371 concisum

194 2388 314 2427 tous.

254 2446 295 2479 ο.
326 2438 537 2487 Fortuna,
565 2444 647 2479 etc.
684 2443 770 2479 Non
798 2440 898 2478 tacit
932 2439 1094 2477 fortuna

194 2494 321 2540 teiix,
354 2496 399 2531 et
431 2495 653 2539 potentium
693 2494 819 2539 cratia
844 2520 855 2540 ,
884 2497 931 2531 ut
960 2501 1095 2532 servu·

192 2556 278 2586 nou
297 2546 441 2584 tueris.

250 2604 294 2640 7.
322 2598 547 2646 Metiente,
568 2604 650 2638 ete.
678 2601 832 2638 ironice
856 2611 867 2635 ε
888 2600 1095 2638 incedente

192 2654 427 2698 composito
443 2654 566 2698 gradu
590 2663 663 2699 per
677 2654 779 2691 viam
798 2656 958 2692 sacram
972 2682 982 2699 ,
1002 2663 1094 2693 cum

194 2709 317 2751 tosa,
338 2707 455 2752 cujus
487 2714 620 2753 syrma
654 2708 721 2751 (id
740 2710 800 2745 est
820 2707 971 2751 cauda)
990 2735 999 2753 ,
1023 2717 1093 2746 sex

198 2759 317 2797 uim
342 2760 507 2803 tonsum
532 2762 609 2797 eet.
630 2758 766 2799 Sacra
793 2759 886 2808 via,
910 2762 967 2799 ita
985 2762 1094 2805 dicta

200 2814 267 2847 eet
294 2813 511 2850 auximo
552 2816 689 2851 Romo
726 2815 875 2859 templo
894 2842 905 2860 ,
950 2824 1092 2862 nempe

200 2863 315 2901 lovis
334 2866 542 2912 capitolini
554 2892 565 2912 ,
587 2876 669 2911 quo
684 2867 869 2904 ducebat.
887 2886 943 2896 —
960 2866 1092 2917 Toga.

198 2916 388 2955 nominos
443 2920 641 2957 luxuriosi
685 2922 727 2957 et
764 2921 903 2957 divites
958 2924 1092 2965 togam

194 2969 329 3007 imm
352 2974 398 3009 et
424 2973 621 3018 amplam,
656 2977 845 3020 tanquam
878 2974 1093 3020 opulentiae

194 3023 351 3067 imisue
364 3052 375 3071 ,
399 3027 623 3068 gestabant.

250 3080 295 3115 ο.
323 3074 415 3116 Ora
446 3083 609 3126 vertat,
644 3082 723 3117 etc.
752 3080 805 3117 Ut
832 3079 935 3117 cives
956 3081 1033 3117 buc
1050 3082 1093 3117 et

192 3128 276 3167 bue
292 3133 435 3167 euntes
445 3158 456 3176 ,
478 3132 584 3169 uitro
600 3132 784 3179 otu-oque
800 3136 1067 3171 commeantes
1076 3160 1088 3181 ,

188 3182 235 3219 iu
252 3184 299 3220 tu
316 3190 392 3220 ora
406 3187 653 3223 convertant.

249 3238 320 3273 1⁰.
349 3233 609 3285 Indignatio.
640 3238 842 3277 Excitatus·
867 3240 931 3277 hic
969 3240 1090 3277 animi

191 3287 365 3326 assectue
384 3289 425 3325 iu
447 3298 542 3335 eus,
573 3292 719 3336 quibus
742 3292 841 3330 bene
858 3296 921 3330 est
949 3294 1088 3331 imme·

188 3342 378 3379 tontibus
395 3345 436 3379 et
452 3343 637 3386 indignis.

251 3396 323 3435 11.
348 3390 497 3433 scema
511 3393 718 3445 novellis,
742 3400 826 3437 etc.
850 3400 949 3437 sunt
974 3401 1090 3440 verba

1148 1965 1437 2002 transeuntium
1468 1968 1508 2003 in
1539 1974 1684 2005 vanum
1713 1968 1893 2005 nostrum
1918 1965 2046 2003 bomi-

1150 2026 1254 2053 nem.
1276 2035 1326 2045 -
1354 2016 1719 2058 Triumviralibus.
1745 2020 1948 2058 'triumviri
1974 2028 2036 2057 ca·

1148 2069 1315 2115 pitales,
1353 2074 1430 2108 tres
1461 2078 1574 2109 erant
1591 2074 1770 2118 judices,
1801 2074 1871 2118 qui
1890 2072 2042 2119 iudicia

1148 2122 1199 2158 de
1217 2124 1336 2159 servis
1351 2126 1394 2161 et
1409 2125 1560 2163 libertis
1579 2127 1826 2163 exercebant.

1204 2186 1270 2221 1².
1299 2182 1510 2222 Proeconis
1522 2212 1534 2230 ,
1559 2188 1640 2223 etc.
1659 2187 1788 2230 Quum
1805 2184 1948 2229 aitquia
1965 2192 2040 2229 βω

1148 2235 1250 2271 biice
1277 2246 1434 2280 poenam
1465 2239 1603 2281 flagitii
1633 2238 1786 2281 luebat,
1820 2236 2044 2273 addebatur

1145 2296 1292 2333 praeco,
1326 2298 1384 2325 un
1407 2288 1554 2326 cm’eur
1574 2286 1738 2336 public,
1771 2290 1841 2333 qui
1861 2288 2042 2333 supplicii

1146 2348 1308 2377 causam
1330 2342 1522 2386 ediceret,
1547 2345 1700 2379 ceteros
1727 2342 1976 2379 admoneret.

1205 2404 1274 2442 18..
1319 2400 1509 2441 Falerni.
1538 2405 1612 2441 Ubi
1645 2406 1772 2451 vites,
1813 2406 1856 2443 et
1889 2405 2042 2450 segetes

1145 2455 1310 2500 optim
1321 2483 1332 2503 ,
1354 2456 1396 2493 iu
1411 2457 1639 2503 Campania.

1204 2529 1269 2564 u.
1287 2525 1485 2577 Appiam.
1509 2528 1686 2567 subaudi
1703 2530 1819 2574 viam,
1836 2538 1908 2574 per
1921 2538 2040 2574 quam

1146 2580 1190 2617 in
1213 2589 1330 2618 auum
1359 2582 1554 2627 praedtum
1579 2582 1775 2621 falernum
1810 2582 1952 2619 itabat.
1983 2600 2041 2612 —-

1144 2630 1330 2673 Hanm‘ae.
1352 2636 1472 2681 Equis
1490 2637 1680 2684 parvulis,
1705 2638 1746 2674 et
1761 2636 1977 2674 velocibus.

1203 2700 1269 2735 15.
1309 2693 1627 2747 sedilibusque,
1661 2702 1744 2737 ete.
1791 2697 2042 2743 Amphithea-

1146 2751 1255 2789 trum
1277 2751 1390 2789 iocus
1419 2755 1530 2798 erat,
1577 2752 1619 2790 in
1648 2760 1729 2798 quo
1759 2752 2041 2799 spectabantur

1146 2802 1232 2841 ludi
1267 2815 1278 2839 ε
1313 2806 1400 2851 ejus
1433 2814 1526 2851 pare
1555 2806 1711 2843 theatro
1745 2806 1944 2852 proxima,
1971 2814 2039 2843 or·

1147 2858 1306 2897 chestra
1335 2859 1554 2905 dicebatur,
1587 2862 1631 2897 et
1659 2860 1819 2897 addicta
1843 2859 2037 2897 aenatori-

1146 2909 1220 2947 bus
1251 2914 1337 2949 erat
1364 2922 1374 2946 ε
1403 2912 1563 2949 ordines
1599 2913 1924 2958 quatuordecim,
1957 2913 2038 2950 sive

1144 2963 1292 3005 gradus
1319 2964 1409 2999 inde
1428 2968 1534 3001 retro
1553 2993 1562 3011 ,
1578 2968 1742 3011 sepositi
1759 2968 1875 3003 erant
1891 2966 2036 3011 equiti-

1142 3014 1218 3052 bus
1232 3042 1243 3061 ,
1260 3024 1475 3062 eorumque
1494 3017 1574 3055 duo
1593 3020 1710 3063 primi
1727 3020 1907 3064 tribunis,
1936 3027 2039 3065 quos

1144 3067 1249 3105 inter
1264 3072 1407 3107 naenas
1419 3071 1714 3113 numerabatur.

1200 3132 1268 3169 16.
1295 3128 1454 3169 Othone
1475 3136 1726 3181 contempto.
1760 3134 1861 3180 Quia
1890 3135 1934 3170 Ι..
1956 3135 2035 3171 Ro-

1142 3181 1250 3219 scius
1272 3184 1374 3221 Otho
1399 3183 1486 3227 lego
1507 3188 1716 3231 sanxerat,
1735 3194 1786 3224 ue
1808 3186 1896 3232 quis
1916 3185 2038 3223 iiber·

1142 3235 1208 3273 tus
1224 3262 1235 3280 ,
1255 3237 1327 3273 aut
1343 3235 1547 3274 libertinus
1559 3265 1568 3282 ,
1585 3238 1742 3277 sederet
1780 3239 1822 3275 iu
1843 3240 2037 3284 quatuo:-

1142 3288 1272 3327 decim
1298 3288 1435 3333 primis
1457 3290 1676 3327 ordinibus.

1201 3351 1268 3386 17.
1295 3344 1406 3395 Quia
1434 3348 1612 3395 attinet,
1641 3352 1722 3389 etc.
1753 3349 1857 3397 Quid
1877 3352 2038 3398 expedit

1142 3402 1256 3441 tanto
1273 3404 1472 3448 apparatu
1487 3402 1656 3441 classem
1679 3404 1874 3443 instruere
1896 3407 2038 3447 eontra
