<?xml version="1.0" encoding="UTF-8"?>
<!DOCTYPE html PUBLIC "-//W3C//DTD XHTML 1.0 Transitional//EN"
    "http://www.w3.org/TR/xhtml1/DTD/xhtml1-transitional.dtd">
<html xmlns="http://www.w3.org/1999/xhtml" xml:lang="en" lang="en">
 <head>
  <title>
</title>
<meta http-equiv="Content-Type" content="text/html;charset=utf-8" />
  <meta name='ocr-system' content='tesseract 3.04.00' />
  <meta name='ocr-capabilities' content='ocr_page ocr_carea ocr_par ocr_line ocrx_word'/>
</head>
<body>
  <div class='ocr_page' id='page_1' title='image "./quintihoratiifl00jouvgoog_0178.png"; bbox 0 0 2317 3850; ppageno 0'>
   <div class='ocr_carea' id='block_1_1' title="bbox 263 136 385 203">
    <p class='ocr_par' dir='ltr' id='par_1_1' title="bbox 263 136 385 203">
     <span class='ocr_line' id='line_1_1' title="bbox 263 136 385 203; baseline 0.033 -4"><span class='ocrx_word' id='word_1_1' title='bbox 263 136 385 203; x_wconf 67' lang='lat'>&#39;136</span> 
     </span>
    </p>
   </div>
   <div class='ocr_carea' id='block_1_2' title="bbox 1002 158 1422 203">
    <p class='ocr_par' dir='ltr' id='par_1_2' title="bbox 1002 158 1422 203">
     <span class='ocr_line' id='line_1_2' title="bbox 1002 158 1422 203; baseline 0.002 -1"><span class='ocrx_word' id='word_1_2' title='bbox 1002 158 1217 203; x_wconf 70' lang='lat' dir='ltr'>Epopon</span> <span class='ocrx_word' id='word_1_3' title='bbox 1248 158 1422 203; x_wconf 69' lang='lat' dir='ltr'>Lintu-</span> 
     </span>
    </p>
   </div>
   <div class='ocr_carea' id='block_1_3' title="bbox 563 232 1728 447">
    <p class='ocr_par' dir='ltr' id='par_1_3' title="bbox 563 232 1728 447">
     <span class='ocr_line' id='line_1_3' title="bbox 564 232 1709 301; baseline -0.001 -9"><span class='ocrx_word' id='word_1_4' title='bbox 564 232 766 293; x_wconf 83' lang='lat' dir='ltr'>Comes</span> <span class='ocrx_word' id='word_1_5' title='bbox 791 233 1007 291; x_wconf 88' lang='lat' dir='ltr'>minore</span> <span class='ocrx_word' id='word_1_6' title='bbox 1037 250 1161 291; x_wconf 90' lang='lat' dir='ltr'>sum</span> <span class='ocrx_word' id='word_1_7' title='bbox 1185 234 1413 291; x_wconf 84' lang='lat' dir='ltr'>futurus</span> <span class='ocrx_word' id='word_1_8' title='bbox 1438 234 1499 291; x_wconf 90' lang='lat' dir='ltr'>in</span> <span class='ocrx_word' id='word_1_9' title='bbox 1526 237 1709 301; x_wconf 84' lang='lat' dir='ltr'>metu,</span> 
     </span>
     <span class='ocr_line' id='line_1_4' title="bbox 812 304 1629 376; baseline -0.001 -15"><span class='ocrx_word' id='word_1_10' title='bbox 812 304 924 374; x_wconf 88' lang='lat' dir='ltr'>Qui</span> <span class='ocrx_word' id='word_1_11' title='bbox 955 308 1129 376; x_wconf 86' lang='lat' dir='ltr'>major</span> <span class='ocrx_word' id='word_1_12' title='bbox 1152 307 1415 362; x_wconf 78' lang='lat' dir='ltr'><strong>absentes</strong></span> <span class='ocrx_word' id='word_1_13' title='bbox 1442 305 1629 361; x_wconf 88' lang='lat' dir='ltr'>habet.</span> 
     </span>
     <span class='ocr_line' id='line_1_5' title="bbox 563 374 1728 447; baseline -0.003 -13"><span class='ocrx_word' id='word_1_14' title='bbox 563 376 662 445; x_wconf 89' lang='lat' dir='ltr'>Ut,</span> <span class='ocrx_word' id='word_1_15' title='bbox 692 376 950 433; x_wconf 79' lang='lat' dir='ltr'>assidens</span> <span class='ocrx_word' id='word_1_16' title='bbox 978 378 1345 445; x_wconf 89' lang='lat' dir='ltr'>impiumibus</span> <span class='ocrx_word' id='word_1_17' title='bbox 1374 377 1579 447; x_wconf 90' lang='lat' dir='ltr'>pullis,</span> <span class='ocrx_word' id='word_1_18' title='bbox 1607 374 1728 430; x_wconf 88' lang='lat' dir='ltr'>avis</span> 
     </span>
    </p>
   </div>
   <div class='ocr_carea' id='block_1_4' title="bbox 811 443 1661 517">
    <p class='ocr_par' dir='ltr' id='par_1_4' title="bbox 811 443 1661 517">
     <span class='ocr_line' id='line_1_6' title="bbox 811 443 1661 517; baseline -0.002 -14"><span class='ocrx_word' id='word_1_19' title='bbox 811 443 1166 517; x_wconf 79' lang='lat' dir='ltr'><strong>Serpentium</strong></span> <span class='ocrx_word' id='word_1_20' title='bbox 1188 448 1441 516; x_wconf 80' lang='lat' dir='ltr'>allapsus</span> <span class='ocrx_word' id='word_1_21' title='bbox 1470 446 1629 502; x_wconf 89' lang='lat' dir='ltr'>timet</span> <span class='ocrx_word' id='word_1_22' title='bbox 1646 486 1661 508; x_wconf 83' lang='lat'>,</span> 
     </span>
    </p>
   </div>
   <div class='ocr_carea' id='block_1_5' title="bbox 1237 514 1707 584">
    <p class='ocr_par' dir='ltr' id='par_1_5' title="bbox 1237 514 1707 584">
     <span class='ocr_line' id='line_1_7' title="bbox 1237 514 1707 584; baseline -0.009 -10"><span class='ocrx_word' id='word_1_23' title='bbox 1237 521 1302 574; x_wconf 84' lang='lat' dir='ltr'>ut</span> <span class='ocrx_word' id='word_1_24' title='bbox 1327 518 1505 584; x_wconf 88' lang='lat' dir='ltr'>adsit,</span> <span class='ocrx_word' id='word_1_25' title='bbox 1532 514 1707 573; x_wconf 77' lang='lat' dir='ltr'>auxili</span> 
     </span>
    </p>
   </div>
   <div class='ocr_carea' id='block_1_6' title="bbox 811 589 1594 659">
    <p class='ocr_par' dir='ltr' id='par_1_6' title="bbox 811 589 1594 659">
     <span class='ocr_line' id='line_1_8' title="bbox 811 589 1594 659; baseline 0 -16"><span class='ocrx_word' id='word_1_26' title='bbox 811 590 1019 645; x_wconf 83' lang='lat' dir='ltr'>Latura</span> <span class='ocrx_word' id='word_1_27' title='bbox 1045 591 1176 659; x_wconf 91' lang='lat' dir='ltr'>plus</span> <span class='ocrx_word' id='word_1_28' title='bbox 1203 589 1594 658; x_wconf 81' lang='lat' dir='ltr'>praesentibus.</span> 
     </span>
    </p>
   </div>
   <div class='ocr_carea' id='block_1_7' title="bbox 815 728 1725 799">
    <p class='ocr_par' dir='ltr' id='par_1_7' title="bbox 815 728 1725 799">
     <span class='ocr_line' id='line_1_9' title="bbox 815 728 1725 799; baseline -0.001 -14"><span class='ocrx_word' id='word_1_29' title='bbox 815 730 1060 795; x_wconf 90' lang='lat' dir='ltr'>Bellum,</span> <span class='ocrx_word' id='word_1_30' title='bbox 1091 730 1148 785; x_wconf 90' lang='lat' dir='ltr'>in</span> <span class='ocrx_word' id='word_1_31' title='bbox 1182 735 1291 785; x_wconf 82' lang='lat' dir='ltr'>tuae</span> <span class='ocrx_word' id='word_1_32' title='bbox 1314 744 1465 799; x_wconf 86' lang='lat' dir='ltr'>spem</span> <span class='ocrx_word' id='word_1_33' title='bbox 1492 728 1685 799; x_wconf 86' lang='lat' dir='ltr'>gratiae</span> <span class='ocrx_word' id='word_1_34' title='bbox 1710 746 1725 791; x_wconf 72' lang='grc' dir='ltr'>ς</span> 
     </span>
    </p>
   </div>
   <div class='ocr_carea' id='block_1_8' title="bbox 565 872 1779 1153">
    <p class='ocr_par' dir='ltr' id='par_1_8' title="bbox 817 872 1496 933">
     <span class='ocr_line' id='line_1_10' title="bbox 817 872 1496 933; baseline -0.001 -5"><span class='ocrx_word' id='word_1_35' title='bbox 817 872 1016 928; x_wconf 85' lang='lat' dir='ltr'>Araira</span> <span class='ocrx_word' id='word_1_36' title='bbox 1047 872 1303 928; x_wconf 84' lang='lat' dir='ltr'>nitantur</span> <span class='ocrx_word' id='word_1_37' title='bbox 1331 872 1496 933; x_wconf 88' lang='lat' dir='ltr'>meis;</span> 
     </span>
    </p>

    <p class='ocr_par' dir='ltr' id='par_1_9' title="bbox 567 939 1779 1083">
     <span class='ocr_line' id='line_1_11' title="bbox 567 939 1779 1009; baseline -0.002 -11"><span class='ocrx_word' id='word_1_38' title='bbox 567 940 808 998; x_wconf 74' lang='lat' dir='ltr'>pecusve</span> <span class='ocrx_word' id='word_1_39' title='bbox 830 942 1102 1009; x_wconf 83' lang='lat' dir='ltr'>calabriS,</span> <span class='ocrx_word' id='word_1_40' title='bbox 1135 947 1263 998; x_wconf 86' lang='lat' dir='ltr'>ante</span> <span class='ocrx_word' id='word_1_41' title='bbox 1292 943 1453 998; x_wconf 90' lang='lat' dir='ltr'>sidus</span> <span class='ocrx_word' id='word_1_42' title='bbox 1478 939 1779 1003; x_wconf 85' lang='lat' dir='ltr'>fervidum,</span> 
     </span>
     <span class='ocr_line' id='line_1_12' title="bbox 814 1013 1495 1083; baseline 0.003 -16"><span class='ocrx_word' id='word_1_43' title='bbox 814 1013 1036 1069; x_wconf 87' lang='lat' dir='ltr'>Lucana</span> <span class='ocrx_word' id='word_1_44' title='bbox 1062 1018 1239 1069; x_wconf 87' lang='lat' dir='ltr'>mutet</span> <span class='ocrx_word' id='word_1_45' title='bbox 1260 1027 1495 1083; x_wconf 69' lang='lat' dir='ltr'>pascuaz</span> 
     </span>
    </p>

    <p class='ocr_par' dir='ltr' id='par_1_10' title="bbox 565 1080 1711 1153">
     <span class='ocr_line' id='line_1_13' title="bbox 565 1080 1711 1153; baseline -0.003 -14"><span class='ocrx_word' id='word_1_46' title='bbox 565 1080 680 1139; x_wconf 83' lang='lat' dir='ltr'>Nee</span> <span class='ocrx_word' id='word_1_47' title='bbox 709 1087 771 1140; x_wconf 94' lang='lat' dir='ltr'>ut</span> <span class='ocrx_word' id='word_1_48' title='bbox 795 1085 1024 1153; x_wconf 81' lang='lat' dir='ltr'>superni</span> <span class='ocrx_word' id='word_1_49' title='bbox 1051 1084 1186 1139; x_wconf 86' lang='lat' dir='ltr'>villa</span> <span class='ocrx_word' id='word_1_50' title='bbox 1208 1084 1453 1141; x_wconf 85' lang='lat' dir='ltr'>candens</span> <span class='ocrx_word' id='word_1_51' title='bbox 1480 1080 1711 1141; x_wconf 82' lang='lat' dir='ltr'>Tusculi</span> 
     </span>
    </p>
   </div>
   <div class='ocr_carea' id='block_1_9' title="bbox 316 438 1602 1209">
    <p class='ocr_par' dir='ltr' id='par_1_11' title="bbox 317 438 1206 589">
     <span class='ocr_line' id='line_1_14' title="bbox 317 438 1206 589; baseline -0.003 -13"><span class='ocrx_word' id='word_1_52' title='bbox 317 438 388 503; x_wconf 65' lang='grc'>20</span> <span class='ocrx_word' id='word_1_53' title='bbox 567 516 752 589; x_wconf 84' lang='lat' dir='ltr'>Magis</span> <span class='ocrx_word' id='word_1_54' title='bbox 780 519 1025 584; x_wconf 87' lang='lat' dir='ltr'>relictis;</span> <span class='ocrx_word' id='word_1_55' title='bbox 1056 532 1169 576; x_wconf 89' lang='lat' dir='ltr'>non</span> <span class='ocrx_word' id='word_1_56' title='bbox 1190 560 1206 585; x_wconf 93' lang='lat'>,</span> 
     </span>
    </p>

    <p class='ocr_par' dir='ltr' id='par_1_12' title="bbox 316 659 1602 1209">
     <span class='ocr_line' id='line_1_15' title="bbox 565 659 1602 717; baseline -0.003 -1"><span class='ocrx_word' id='word_1_57' title='bbox 565 659 832 717; x_wconf 87' lang='lat' dir='ltr'>Libenter</span> <span class='ocrx_word' id='word_1_58' title='bbox 860 660 965 715; x_wconf 85' lang='lat' dir='ltr'>hoc</span> <span class='ocrx_word' id='word_1_59' title='bbox 993 665 1048 716; x_wconf 85' lang='lat' dir='ltr'>et</span> <span class='ocrx_word' id='word_1_60' title='bbox 1077 674 1241 715; x_wconf 89' lang='lat' dir='ltr'>omne</span> <span class='ocrx_word' id='word_1_61' title='bbox 1263 659 1602 715; x_wconf 80' lang='lat' dir='ltr'>militabitur</span> 
     </span>
     <span class='ocr_line' id='line_1_16' title="bbox 316 796 1589 871; baseline -0.002 -14"><span class='ocrx_word' id='word_1_62' title='bbox 316 796 392 859; x_wconf 77' lang='lat'>25</span> <span class='ocrx_word' id='word_1_63' title='bbox 567 800 692 857; x_wconf 89' lang='lat' dir='ltr'>Non</span> <span class='ocrx_word' id='word_1_64' title='bbox 721 806 786 858; x_wconf 87' lang='lat' dir='ltr'>ut</span> <span class='ocrx_word' id='word_1_65' title='bbox 805 802 1059 869; x_wconf 84' lang='lat' dir='ltr'>juvencis</span> <span class='ocrx_word' id='word_1_66' title='bbox 1084 800 1303 870; x_wconf 84' lang='lat' dir='ltr'>illigata</span> <span class='ocrx_word' id='word_1_67' title='bbox 1327 800 1589 871; x_wconf 85' lang='lat' dir='ltr'>pluribus</span> 
     </span>
     <span class='ocr_line' id='line_1_17' title="bbox 319 1148 392 1209; baseline 0 0"><span class='ocrx_word' id='word_1_68' title='bbox 319 1148 392 1209; x_wconf 84' lang='lat'>30</span> 
     </span>
    </p>
   </div>
   <div class='ocr_carea' id='block_1_10' title="bbox 816 1154 1499 1212">
    <p class='ocr_par' dir='ltr' id='par_1_13' title="bbox 816 1154 1499 1212">
     <span class='ocr_line' id='line_1_18' title="bbox 816 1154 1499 1212; baseline 0 -1"><span class='ocrx_word' id='word_1_69' title='bbox 816 1154 1027 1212; x_wconf 84' lang='lat' dir='ltr'>Circaea</span> <span class='ocrx_word' id='word_1_70' title='bbox 1056 1161 1146 1211; x_wconf 90' lang='lat' dir='ltr'>tan</span> <span class='ocrx_word' id='word_1_71' title='bbox 1191 1162 1249 1211; x_wconf 86' lang='lat' dir='ltr'>at</span> <span class='ocrx_word' id='word_1_72' title='bbox 1277 1156 1499 1211; x_wconf 87' lang='lat' dir='ltr'>moenia.</span> 
     </span>
    </p>
   </div>
   <div class='ocr_carea' id='block_1_11' title="bbox 568 1224 2005 1509">
    <p class='ocr_par' dir='ltr' id='par_1_14' title="bbox 568 1224 1603 1367">
     <span class='ocr_line' id='line_1_19' title="bbox 568 1224 1603 1296; baseline -0.002 -14"><span class='ocrx_word' id='word_1_73' title='bbox 568 1224 721 1283; x_wconf 87' lang='lat' dir='ltr'>Satis</span> <span class='ocrx_word' id='word_1_74' title='bbox 744 1240 1024 1296; x_wconf 73' lang='lat' dir='ltr'>superque</span> <span class='ocrx_word' id='word_1_75' title='bbox 1050 1240 1136 1281; x_wconf 89' lang='lat' dir='ltr'>me</span> <span class='ocrx_word' id='word_1_76' title='bbox 1204 1226 1485 1296; x_wconf 83' lang='lat' dir='ltr'>enignitas</span> <span class='ocrx_word' id='word_1_77' title='bbox 1505 1230 1603 1281; x_wconf 84' lang='lat' dir='ltr'>tua</span> 
     </span>
     <span class='ocr_line' id='line_1_20' title="bbox 813 1297 1553 1367; baseline 0.003 -16"><span class='ocrx_word' id='word_1_78' title='bbox 813 1297 1026 1353; x_wconf 83' lang='lat' dir='ltr'>Ditavit</span> <span class='ocrx_word' id='word_1_79' title='bbox 1049 1317 1061 1351; x_wconf 77' lang='lat' dir='ltr'><strong><em>z</em></strong></span> <span class='ocrx_word' id='word_1_80' title='bbox 1085 1298 1233 1353; x_wconf 88' lang='lat' dir='ltr'>haud</span> <span class='ocrx_word' id='word_1_81' title='bbox 1258 1310 1521 1367; x_wconf 84' lang='lat' dir='ltr'>paravero</span> <span class='ocrx_word' id='word_1_82' title='bbox 1539 1338 1553 1363; x_wconf 93' lang='lat'>,</span> 
     </span>
    </p>

    <p class='ocr_par' dir='ltr' id='par_1_15' title="bbox 569 1364 2005 1509">
     <span class='ocr_line' id='line_1_21' title="bbox 569 1364 2005 1436; baseline -0.001 -12"><span class='ocrx_word' id='word_1_83' title='bbox 569 1364 731 1436; x_wconf 89' lang='lat' dir='ltr'>Quod</span> <span class='ocrx_word' id='word_1_84' title='bbox 761 1372 857 1423; x_wconf 88' lang='lat' dir='ltr'>aut</span> <span class='ocrx_word' id='word_1_85' title='bbox 887 1381 1114 1433; x_wconf 64' lang='lat' dir='ltr'>avaruS„</span> <span class='ocrx_word' id='word_1_86' title='bbox 1141 1375 1207 1424; x_wconf 91' lang='lat' dir='ltr'>ut</span> <span class='ocrx_word' id='word_1_87' title='bbox 1232 1368 1527 1435; x_wconf 79' lang='lat' dir='ltr'>ChremeS,</span> <span class='ocrx_word' id='word_1_88' title='bbox 1554 1372 1701 1423; x_wconf 83' lang='lat' dir='ltr'>terra</span> <span class='ocrx_word' id='word_1_89' title='bbox 1726 1378 2005 1435; x_wconf 82' lang='lat' dir='ltr'>premam,</span> 
     </span>
     <span class='ocr_line' id='line_1_22' title="bbox 815 1438 1733 1509; baseline -0.001 -15"><span class='ocrx_word' id='word_1_90' title='bbox 815 1438 1141 1495; x_wconf 82' lang='lat' dir='ltr'>Discinctus</span> <span class='ocrx_word' id='word_1_91' title='bbox 1169 1445 1267 1495; x_wconf 90' lang='lat' dir='ltr'>aut</span> <span class='ocrx_word' id='word_1_92' title='bbox 1293 1440 1518 1509; x_wconf 86' lang='lat' dir='ltr'>perdam</span> <span class='ocrx_word' id='word_1_93' title='bbox 1542 1452 1733 1508; x_wconf 76' lang='lat' dir='ltr'>nepos,</span> 
     </span>
    </p>
   </div>
   <div class='ocr_carea' id='block_1_12' title="bbox 280 1608 1179 2506">
    <p class='ocr_par' dir='ltr' id='par_1_16' title="bbox 281 1608 1176 1712">
     <span class='ocr_line' id='line_1_23' title="bbox 338 1608 1176 1657; baseline -0.005 -5"><span class='ocrx_word' id='word_1_94' title='bbox 338 1614 403 1652; x_wconf 76' lang='lat'>17.</span> <span class='ocrx_word' id='word_1_95' title='bbox 443 1608 605 1651; x_wconf 71' lang='lat' dir='ltr'>Comen.</span> <span class='ocrx_word' id='word_1_96' title='bbox 646 1613 686 1652; x_wconf 81' lang='lat' dir='ltr'>Sl</span> <span class='ocrx_word' id='word_1_97' title='bbox 723 1615 762 1651; x_wconf 86' lang='lat' dir='ltr'>te</span> <span class='ocrx_word' id='word_1_98' title='bbox 797 1613 965 1650; x_wconf 84' lang='lat' dir='ltr'>comiter</span> <span class='ocrx_word' id='word_1_99' title='bbox 989 1637 1001 1657; x_wconf 91' lang='lat'><em>,</em></span> <span class='ocrx_word' id='word_1_100' title='bbox 1043 1612 1176 1649; x_wconf 78' lang='lat' dir='ltr'>minus</span> 
     </span>
     <span class='ocr_line' id='line_1_24' title="bbox 281 1664 1047 1712; baseline 0 -10"><span class='ocrx_word' id='word_1_101' title='bbox 281 1664 355 1702; x_wconf 74' lang='lat' dir='ltr'>tibi</span> <span class='ocrx_word' id='word_1_102' title='bbox 371 1669 544 1704; x_wconf 75' lang='lat' dir='ltr'>metuam</span> <span class='ocrx_word' id='word_1_103' title='bbox 563 1676 736 1712; x_wconf 76' lang='lat' dir='ltr'>praesens</span> <span class='ocrx_word' id='word_1_104' title='bbox 751 1674 874 1711; x_wconf 73' lang='lat' dir='ltr'>¹quatu</span> <span class='ocrx_word' id='word_1_105' title='bbox 891 1666 1047 1703; x_wconf 70' lang='lat' dir='ltr'>absens.</span> 
     </span>
    </p>

    <p class='ocr_par' dir='ltr' id='par_1_17' title="bbox 339 1717 793 1765">
     <span class='ocr_line' id='line_1_25' title="bbox 339 1717 793 1765; baseline 0 -10"><span class='ocrx_word' id='word_1_106' title='bbox 339 1722 403 1757; x_wconf 85' lang='lat'>18.</span> <span class='ocrx_word' id='word_1_107' title='bbox 435 1717 528 1765; x_wconf 71' lang='lat' dir='ltr'>Qui.</span> <span class='ocrx_word' id='word_1_108' title='bbox 559 1720 631 1764; x_wconf 90' lang='lat' dir='ltr'>Qui</span> <span class='ocrx_word' id='word_1_109' title='bbox 648 1722 793 1756; x_wconf 74' lang='lat' dir='ltr'>metus.</span> 
     </span>
    </p>

    <p class='ocr_par' dir='ltr' id='par_1_18' title="bbox 336 1770 880 1819">
     <span class='ocr_line' id='line_1_26' title="bbox 336 1770 880 1819; baseline 0.002 -12"><span class='ocrx_word' id='word_1_110' title='bbox 336 1774 402 1809; x_wconf 77' lang='lat'>20.</span> <span class='ocrx_word' id='word_1_111' title='bbox 431 1770 642 1819; x_wconf 73' lang='lat' dir='ltr'>Allapsus.</span> <span class='ocrx_word' id='word_1_112' title='bbox 671 1773 880 1815; x_wconf 73' lang='lat' dir='ltr'>Impetum.</span> 
     </span>
    </p>

    <p class='ocr_par' dir='ltr' id='par_1_19' title="bbox 280 1822 1173 1968">
     <span class='ocr_line' id='line_1_27' title="bbox 337 1822 1173 1867; baseline 0.001 -7"><span class='ocrx_word' id='word_1_113' title='bbox 337 1827 403 1861; x_wconf 78' lang='lat'>21.</span> <span class='ocrx_word' id='word_1_114' title='bbox 435 1822 623 1861; x_wconf 70' lang='lat' dir='ltr'>Relictis.</span> <span class='ocrx_word' id='word_1_115' title='bbox 651 1824 692 1861; x_wconf 85' lang='lat' dir='ltr'>Si</span> <span class='ocrx_word' id='word_1_116' title='bbox 721 1824 823 1859; x_wconf 84' lang='lat' dir='ltr'>forte</span> <span class='ocrx_word' id='word_1_117' title='bbox 859 1830 928 1859; x_wconf 80' lang='lat' dir='ltr'>eos</span> <span class='ocrx_word' id='word_1_118' title='bbox 951 1822 1173 1867; x_wconf 82' lang='lat' dir='ltr'>reliquerit.</span> 
     </span>
     <span class='ocr_line' id='line_1_28' title="bbox 280 1874 1173 1926; baseline 0 -12"><span class='ocrx_word' id='word_1_119' title='bbox 280 1894 338 1905; x_wconf 89' lang='lat'>—</span> <span class='ocrx_word' id='word_1_120' title='bbox 371 1874 422 1914; x_wconf 77' lang='lat' dir='ltr'>Ut</span> <span class='ocrx_word' id='word_1_121' title='bbox 448 1874 576 1913; x_wconf 82' lang='lat' dir='ltr'>adsit.</span> <span class='ocrx_word' id='word_1_122' title='bbox 619 1879 854 1922; x_wconf 78' lang='lat' dir='ltr'>Quanquam</span> <span class='ocrx_word' id='word_1_123' title='bbox 888 1876 938 1913; x_wconf 86' lang='lat' dir='ltr'>sit</span> <span class='ocrx_word' id='word_1_124' title='bbox 968 1884 1173 1926; x_wconf 70' lang='lat' dir='ltr'>proesen33</span> 
     </span>
     <span class='ocr_line' id='line_1_29' title="bbox 280 1929 678 1968; baseline 0.003 -2"><span class='ocrx_word' id='word_1_125' title='bbox 280 1929 375 1968; x_wconf 80' lang='lat' dir='ltr'>lieet</span> <span class='ocrx_word' id='word_1_126' title='bbox 391 1929 551 1967; x_wconf 84' lang='lat' dir='ltr'>incubet</span> <span class='ocrx_word' id='word_1_127' title='bbox 565 1931 678 1967; x_wconf 86' lang='lat' dir='ltr'>nido.</span> 
     </span>
    </p>

    <p class='ocr_par' dir='ltr' id='par_1_20' title="bbox 336 1981 868 2022">
     <span class='ocr_line' id='line_1_30' title="bbox 336 1981 868 2022; baseline 0.002 -2"><span class='ocrx_word' id='word_1_128' title='bbox 336 1986 404 2020; x_wconf 78' lang='lat'>28.</span> <span class='ocrx_word' id='word_1_129' title='bbox 433 1981 707 2021; x_wconf 70' lang='lat' dir='ltr'>militabitur.</span> <span class='ocrx_word' id='word_1_130' title='bbox 735 1984 768 2022; x_wconf 76' lang='lat' dir='ltr'>A</span> <span class='ocrx_word' id='word_1_131' title='bbox 789 1993 868 2021; x_wconf 87' lang='lat' dir='ltr'>me.</span> 
     </span>
    </p>

    <p class='ocr_par' dir='ltr' id='par_1_21' title="bbox 281 2033 1177 2242">
     <span class='ocr_line' id='line_1_31' title="bbox 337 2033 1173 2082; baseline 0.004 -10"><span class='ocrx_word' id='word_1_132' title='bbox 337 2038 404 2072; x_wconf 61' lang='grc' dir='ltr'>ει.</span> <span class='ocrx_word' id='word_1_133' title='bbox 437 2033 484 2072; x_wconf 79' lang='lat' dir='ltr'>ln</span> <span class='ocrx_word' id='word_1_134' title='bbox 506 2040 588 2074; x_wconf 76' lang='lat' dir='ltr'>tuoe</span> <span class='ocrx_word' id='word_1_135' title='bbox 603 2064 614 2082; x_wconf 84' lang='lat'><em>,</em></span> <span class='ocrx_word' id='word_1_136' title='bbox 638 2040 717 2075; x_wconf 80' lang='lat' dir='ltr'>etc.</span> <span class='ocrx_word' id='word_1_137' title='bbox 747 2041 837 2076; x_wconf 79' lang='lat' dir='ltr'>Tuae</span> <span class='ocrx_word' id='word_1_138' title='bbox 860 2045 952 2080; x_wconf 79' lang='lat' dir='ltr'>erga</span> <span class='ocrx_word' id='word_1_139' title='bbox 971 2045 1036 2074; x_wconf 88' lang='lat' dir='ltr'>me</span> <span class='ocrx_word' id='word_1_140' title='bbox 1053 2037 1173 2075; x_wconf 85' lang='lat' dir='ltr'>bene-</span> 
     </span>
     <span class='ocr_line' id='line_1_32' title="bbox 281 2087 1174 2138; baseline 0.002 -12"><span class='ocrx_word' id='word_1_141' title='bbox 281 2087 462 2126; x_wconf 79' lang='lat' dir='ltr'>volentiae</span> <span class='ocrx_word' id='word_1_142' title='bbox 497 2091 712 2128; x_wconf 76' lang='lat' dir='ltr'>retinendae</span> <span class='ocrx_word' id='word_1_143' title='bbox 731 2094 772 2128; x_wconf 85' lang='lat' dir='ltr'>et</span> <span class='ocrx_word' id='word_1_144' title='bbox 792 2091 981 2136; x_wconf 71' lang='lat' dir='ltr'>augendae</span> <span class='ocrx_word' id='word_1_145' title='bbox 1010 2091 1174 2138; x_wconf 74' lang='lat' dir='ltr'>stud103</span> 
     </span>
     <span class='ocr_line' id='line_1_33' title="bbox 281 2145 1177 2191; baseline 0.006 -12"><span class='ocrx_word' id='word_1_146' title='bbox 281 2149 363 2179; x_wconf 81' lang='lat' dir='ltr'>non</span> <span class='ocrx_word' id='word_1_147' title='bbox 389 2145 542 2188; x_wconf 77' lang='lat' dir='ltr'>proemii</span> <span class='ocrx_word' id='word_1_148' title='bbox 561 2147 634 2182; x_wconf 76' lang='lat' dir='ltr'>aui.</span> <span class='ocrx_word' id='word_1_149' title='bbox 661 2147 854 2184; x_wconf 78' lang='lat' dir='ltr'>mercedis</span> <span class='ocrx_word' id='word_1_150' title='bbox 885 2146 1177 2191; x_wconf 62' lang='lat' dir='ltr'>consequendo</span> 
     </span>
     <span class='ocr_line' id='line_1_34' title="bbox 281 2196 528 2242; baseline 0.016 -10"><span class='ocrx_word' id='word_1_151' title='bbox 281 2202 351 2242; x_wconf 74' lang='lat' dir='ltr'>spe</span> <span class='ocrx_word' id='word_1_152' title='bbox 368 2196 528 2236; x_wconf 80' lang='lat' dir='ltr'>ductus.</span> 
     </span>
    </p>

    <p class='ocr_par' dir='ltr' id='par_1_22' title="bbox 281 2248 1179 2506">
     <span class='ocr_line' id='line_1_35' title="bbox 337 2248 1179 2300; baseline 0.005 -13"><span class='ocrx_word' id='word_1_153' title='bbox 337 2253 405 2288; x_wconf 77' lang='lat'>27.</span> <span class='ocrx_word' id='word_1_154' title='bbox 434 2248 617 2290; x_wconf 73' lang='lat' dir='ltr'>Pecueve</span> <span class='ocrx_word' id='word_1_155' title='bbox 658 2249 871 2300; x_wconf 78' lang='lat' dir='ltr'>calabris,</span> <span class='ocrx_word' id='word_1_156' title='bbox 901 2255 982 2291; x_wconf 78' lang='lat' dir='ltr'>ete.</span> <span class='ocrx_word' id='word_1_157' title='bbox 1011 2255 1097 2291; x_wconf 72' lang='lat' dir='ltr'>Non</span> <span class='ocrx_word' id='word_1_158' title='bbox 1131 2255 1179 2291; x_wconf 83' lang='lat' dir='ltr'>ut</span> 
     </span>
     <span class='ocr_line' id='line_1_36' title="bbox 281 2306 1179 2351; baseline 0.006 -12"><span class='ocrx_word' id='word_1_159' title='bbox 281 2309 405 2348; x_wconf 77' lang='lat' dir='ltr'>pecus</span> <span class='ocrx_word' id='word_1_160' title='bbox 437 2313 570 2343; x_wconf 84' lang='lat' dir='ltr'>meum</span> <span class='ocrx_word' id='word_1_161' title='bbox 603 2306 802 2351; x_wconf 80' lang='lat' dir='ltr'>relinqunt</span> <span class='ocrx_word' id='word_1_162' title='bbox 830 2309 922 2345; x_wconf 78' lang='lat' dir='ltr'>ante</span> <span class='ocrx_word' id='word_1_163' title='bbox 955 2307 1179 2344; x_wconf 76' lang='lat' dir='ltr'>caniculam</span> 
     </span>
     <span class='ocr_line' id='line_1_37' title="bbox 281 2355 1175 2406; baseline 0.008 -14"><span class='ocrx_word' id='word_1_164' title='bbox 281 2355 474 2395; x_wconf 74' lang='lat' dir='ltr'>caiabriae</span> <span class='ocrx_word' id='word_1_165' title='bbox 509 2361 690 2396; x_wconf 77' lang='lat' dir='ltr'>aestuosoe</span> <span class='ocrx_word' id='word_1_166' title='bbox 731 2369 880 2406; x_wconf 77' lang='lat' dir='ltr'>pascua</span> <span class='ocrx_word' id='word_1_167' title='bbox 897 2388 908 2406; x_wconf 94' lang='lat'><em>,</em></span> <span class='ocrx_word' id='word_1_168' title='bbox 926 2362 1025 2398; x_wconf 85' lang='lat' dir='ltr'>etin</span> <span class='ocrx_word' id='word_1_169' title='bbox 1051 2365 1175 2399; x_wconf 75' lang='lat' dir='ltr'>Luca-</span> 
     </span>
     <span class='ocr_line' id='line_1_38' title="bbox 281 2408 1178 2460; baseline 0.009 -15"><span class='ocrx_word' id='word_1_170' title='bbox 281 2408 390 2446; x_wconf 82' lang='lat' dir='ltr'>niam</span> <span class='ocrx_word' id='word_1_171' title='bbox 423 2410 667 2455; x_wconf 72' lang='lat' dir='ltr'>frigidiorem</span> <span class='ocrx_word' id='word_1_172' title='bbox 707 2416 1012 2452; x_wconf 73' lang='lat' dir='ltr'>transmittatur.</span> <span class='ocrx_word' id='word_1_173' title='bbox 1061 2416 1178 2460; x_wconf 84' lang='lat' dir='ltr'>Quod</span> 
     </span>
     <span class='ocr_line' id='line_1_39' title="bbox 283 2459 1176 2506; baseline 0.008 -9"><span class='ocrx_word' id='word_1_174' title='bbox 283 2459 414 2500; x_wconf 68' lang='lat' dir='ltr'>iacere</span> <span class='ocrx_word' id='word_1_175' title='bbox 467 2465 648 2504; x_wconf 82' lang='lat' dir='ltr'>solebant</span> <span class='ocrx_word' id='word_1_176' title='bbox 698 2467 852 2506; x_wconf 78' lang='lat' dir='ltr'>divites.</span> <span class='ocrx_word' id='word_1_177' title='bbox 905 2469 1089 2506; x_wconf 76' lang='lat' dir='ltr'>calabria</span> <span class='ocrx_word' id='word_1_178' title='bbox 1115 2471 1176 2505; x_wconf 85' lang='lat' dir='ltr'>est</span> 
     </span>
    </p>
   </div>
   <div class='ocr_carea' id='block_1_13' title="bbox 1228 1606 2126 2300">
    <p class='ocr_par' dir='ltr' id='par_1_23' title="bbox 1228 1606 2126 1708">
     <span class='ocr_line' id='line_1_40' title="bbox 1228 1606 2126 1655; baseline -0.006 -6"><span class='ocrx_word' id='word_1_179' title='bbox 1228 1610 1354 1649; x_wconf 72' lang='lat' dir='ltr'>italiae</span> <span class='ocrx_word' id='word_1_180' title='bbox 1374 1612 1505 1655; x_wconf 79' lang='lat' dir='ltr'>regio,</span> <span class='ocrx_word' id='word_1_181' title='bbox 1532 1610 1659 1654; x_wconf 75' lang='lat' dir='ltr'>magis</span> <span class='ocrx_word' id='word_1_182' title='bbox 1678 1609 1900 1655; x_wconf 67' lang='lat' dir='ltr'>ver-sensio</span> <span class='ocrx_word' id='word_1_183' title='bbox 1926 1606 2126 1645; x_wconf 81' lang='lat' dir='ltr'>orientem</span> 
     </span>
     <span class='ocr_line' id='line_1_41' title="bbox 1228 1662 1853 1708; baseline -0.002 -8"><span class='ocrx_word' id='word_1_184' title='bbox 1228 1666 1272 1700; x_wconf 83' lang='lat' dir='ltr'>et</span> <span class='ocrx_word' id='word_1_185' title='bbox 1286 1663 1489 1701; x_wconf 78' lang='lat' dir='ltr'>meridiem</span> <span class='ocrx_word' id='word_1_186' title='bbox 1500 1689 1510 1707; x_wconf 89' lang='lat'><em>‚</em></span> <span class='ocrx_word' id='word_1_187' title='bbox 1532 1672 1651 1708; x_wconf 78' lang='lat' dir='ltr'>quum</span> <span class='ocrx_word' id='word_1_188' title='bbox 1666 1662 1853 1700; x_wconf 68' lang='lat' dir='ltr'>Lucania.</span> 
     </span>
    </p>

    <p class='ocr_par' dir='ltr' id='par_1_24' title="bbox 1228 1710 2124 2084">
     <span class='ocr_line' id='line_1_42' title="bbox 1284 1710 2124 1761; baseline -0.006 -8"><span class='ocrx_word' id='word_1_189' title='bbox 1284 1720 1351 1753; x_wconf 75' lang='lat'>29.</span> <span class='ocrx_word' id='word_1_190' title='bbox 1378 1715 1466 1753; x_wconf 81' lang='lat' dir='ltr'>Neo</span> <span class='ocrx_word' id='word_1_191' title='bbox 1492 1719 1539 1753; x_wconf 73' lang='lat' dir='ltr'>ut</span> <span class='ocrx_word' id='word_1_192' title='bbox 1566 1713 1669 1752; x_wconf 82' lang='lat' dir='ltr'>villa</span> <span class='ocrx_word' id='word_1_193' title='bbox 1690 1742 1701 1761; x_wconf 93' lang='lat'><em>,</em></span> <span class='ocrx_word' id='word_1_194' title='bbox 1726 1718 1807 1753; x_wconf 74' lang='lat' dir='ltr'>ete.</span> <span class='ocrx_word' id='word_1_195' title='bbox 1850 1718 1929 1753; x_wconf 75' lang='lat' dir='ltr'>Neo</span> <span class='ocrx_word' id='word_1_196' title='bbox 1958 1715 2005 1751; x_wconf 80' lang='lat' dir='ltr'>ut</span> <span class='ocrx_word' id='word_1_197' title='bbox 2028 1710 2124 1749; x_wconf 69' lang='lat' dir='ltr'>viiia</span> 
     </span>
     <span class='ocr_line' id='line_1_43' title="bbox 1230 1765 2123 1814; baseline -0.007 -7"><span class='ocrx_word' id='word_1_198' title='bbox 1230 1776 1321 1807; x_wconf 78' lang='lat' dir='ltr'>mea</span> <span class='ocrx_word' id='word_1_199' title='bbox 1351 1770 1545 1814; x_wconf 79' lang='lat' dir='ltr'>candens,</span> <span class='ocrx_word' id='word_1_200' title='bbox 1581 1770 1623 1806; x_wconf 88' lang='lat' dir='ltr'>id</span> <span class='ocrx_word' id='word_1_201' title='bbox 1648 1773 1707 1806; x_wconf 72' lang='lat' dir='ltr'>est</span> <span class='ocrx_word' id='word_1_202' title='bbox 1733 1769 1903 1805; x_wconf 84' lang='lat' dir='ltr'>candido</span> <span class='ocrx_word' id='word_1_203' title='bbox 1922 1770 1963 1805; x_wconf 85' lang='lat' dir='ltr'>et</span> <span class='ocrx_word' id='word_1_204' title='bbox 1980 1765 2123 1804; x_wconf 81' lang='lat' dir='ltr'>nitenti</span> 
     </span>
     <span class='ocr_line' id='line_1_44' title="bbox 1228 1822 2120 1868; baseline -0.006 -8"><span class='ocrx_word' id='word_1_205' title='bbox 1228 1822 1363 1868; x_wconf 83' lang='lat' dir='ltr'>lapide</span> <span class='ocrx_word' id='word_1_206' title='bbox 1396 1826 1548 1861; x_wconf 80' lang='lat' dir='ltr'>structa</span> <span class='ocrx_word' id='word_1_207' title='bbox 1564 1850 1574 1868; x_wconf 91' lang='lat'><em>‚</em></span> <span class='ocrx_word' id='word_1_208' title='bbox 1594 1826 1639 1859; x_wconf 89' lang='lat' dir='ltr'>ut</span> <span class='ocrx_word' id='word_1_209' title='bbox 1658 1822 1760 1859; x_wconf 79' lang='lat' dir='ltr'>viiiae</span> <span class='ocrx_word' id='word_1_210' title='bbox 1780 1822 1989 1867; x_wconf 84' lang='lat' dir='ltr'>ditiorum,</span> <span class='ocrx_word' id='word_1_211' title='bbox 2030 1823 2120 1856; x_wconf 77' lang='lat' dir='ltr'>tnu—</span> 
     </span>
     <span class='ocr_line' id='line_1_45' title="bbox 1228 1872 2124 1922; baseline -0.007 -9"><span class='ocrx_word' id='word_1_212' title='bbox 1228 1880 1319 1922; x_wconf 70' lang='lat' dir='ltr'>ssat,</span> <span class='ocrx_word' id='word_1_213' title='bbox 1352 1877 1394 1914; x_wconf 84' lang='lat' dir='ltr'>id</span> <span class='ocrx_word' id='word_1_214' title='bbox 1428 1879 1512 1922; x_wconf 84' lang='lat' dir='ltr'>est,</span> <span class='ocrx_word' id='word_1_215' title='bbox 1546 1880 1629 1913; x_wconf 81' lang='lat' dir='ltr'>tam</span> <span class='ocrx_word' id='word_1_216' title='bbox 1658 1876 1774 1919; x_wconf 72' lang='lat' dir='ltr'>longe</span> <span class='ocrx_word' id='word_1_217' title='bbox 1810 1876 2046 1913; x_wconf 81' lang='lat' dir='ltr'>extendatur</span> <span class='ocrx_word' id='word_1_218' title='bbox 2076 1872 2124 1908; x_wconf 87' lang='lat' dir='ltr'>ut</span> 
     </span>
     <span class='ocr_line' id='line_1_46' title="bbox 1228 1928 2119 1976; baseline -0.007 -8"><span class='ocrx_word' id='word_1_219' title='bbox 1228 1932 1399 1976; x_wconf 78' lang='lat' dir='ltr'>attingat</span> <span class='ocrx_word' id='word_1_220' title='bbox 1416 1933 1554 1970; x_wconf 76' lang='lat' dir='ltr'>circaea</span> <span class='ocrx_word' id='word_1_221' title='bbox 1572 1930 1719 1968; x_wconf 70' lang='lat' dir='ltr'>moenia</span> <span class='ocrx_word' id='word_1_222' title='bbox 1732 1930 1908 1974; x_wconf 78' lang='lat' dir='ltr'>Tusculi,</span> <span class='ocrx_word' id='word_1_223' title='bbox 1931 1929 2008 1965; x_wconf 81' lang='lat' dir='ltr'>hoo</span> <span class='ocrx_word' id='word_1_224' title='bbox 2034 1928 2119 1971; x_wconf 84' lang='lat' dir='ltr'>est,</span> 
     </span>
     <span class='ocr_line' id='line_1_47' title="bbox 1230 1983 2118 2031; baseline -0.006 -9"><span class='ocrx_word' id='word_1_225' title='bbox 1230 1987 1460 2031; x_wconf 85' lang='lat' dir='ltr'>Tuseuium,</span> <span class='ocrx_word' id='word_1_226' title='bbox 1502 1987 1617 2030; x_wconf 75' lang='lat' dir='ltr'>eujus</span> <span class='ocrx_word' id='word_1_227' title='bbox 1656 1983 1840 2020; x_wconf 86' lang='lat' dir='ltr'>eonditor</span> <span class='ocrx_word' id='word_1_228' title='bbox 1878 1983 2118 2026; x_wconf 80' lang='lat' dir='ltr'>Telegonus,</span> 
     </span>
     <span class='ocr_line' id='line_1_48' title="bbox 1229 2038 1853 2084; baseline -0.006 -6"><span class='ocrx_word' id='word_1_229' title='bbox 1229 2040 1362 2078; x_wconf 85' lang='lat' dir='ltr'>Circes</span> <span class='ocrx_word' id='word_1_230' title='bbox 1379 2039 1481 2076; x_wconf 84' lang='lat' dir='ltr'>iilius</span> <span class='ocrx_word' id='word_1_231' title='bbox 1496 2067 1505 2084; x_wconf 90' lang='lat'>,</span> <span class='ocrx_word' id='word_1_232' title='bbox 1527 2039 1646 2075; x_wconf 84' lang='lat' dir='ltr'>fuisse</span> <span class='ocrx_word' id='word_1_233' title='bbox 1670 2038 1853 2074; x_wconf 78' lang='lat' dir='ltr'>traditur.</span> 
     </span>
    </p>

    <p class='ocr_par' dir='ltr' id='par_1_25' title="bbox 1231 2091 2123 2194">
     <span class='ocr_line' id='line_1_49' title="bbox 1288 2091 2123 2141; baseline -0.011 -11"><span class='ocrx_word' id='word_1_234' title='bbox 1288 2097 1353 2130; x_wconf 74' lang='lat'>82.</span> <span class='ocrx_word' id='word_1_235' title='bbox 1383 2091 1509 2130; x_wconf 82' lang='lat' dir='ltr'>Haud</span> <span class='ocrx_word' id='word_1_236' title='bbox 1540 2099 1767 2141; x_wconf 78' lang='lat' dir='ltr'>paravero.</span> <span class='ocrx_word' id='word_1_237' title='bbox 1803 2092 1888 2127; x_wconf 74' lang='lat' dir='ltr'>Non</span> <span class='ocrx_word' id='word_1_238' title='bbox 1921 2095 1990 2124; x_wconf 79' lang='lat' dir='ltr'>eas</span> <span class='ocrx_word' id='word_1_239' title='bbox 2023 2093 2123 2132; x_wconf 79' lang='lat' dir='ltr'>opes</span> 
     </span>
     <span class='ocr_line' id='line_1_50' title="bbox 1231 2145 1906 2194; baseline -0.007 -10"><span class='ocrx_word' id='word_1_240' title='bbox 1231 2146 1330 2184; x_wconf 84' lang='lat' dir='ltr'>mihi</span> <span class='ocrx_word' id='word_1_241' title='bbox 1352 2155 1529 2194; x_wconf 81' lang='lat' dir='ltr'>quaeram</span> <span class='ocrx_word' id='word_1_242' title='bbox 1548 2145 1661 2182; x_wconf 75' lang='lat' dir='ltr'>anxie</span> <span class='ocrx_word' id='word_1_243' title='bbox 1678 2147 1719 2180; x_wconf 88' lang='lat' dir='ltr'>et</span> <span class='ocrx_word' id='word_1_244' title='bbox 1740 2145 1906 2189; x_wconf 78' lang='lat' dir='ltr'>parabo.</span> 
     </span>
    </p>

    <p class='ocr_par' dir='ltr' id='par_1_26' title="bbox 1230 2192 2119 2300">
     <span class='ocr_line' id='line_1_51' title="bbox 1288 2192 2119 2239; baseline -0.014 0"><span class='ocrx_word' id='word_1_245' title='bbox 1288 2203 1353 2238; x_wconf 75' lang='lat'>83.</span> <span class='ocrx_word' id='word_1_246' title='bbox 1382 2198 1599 2239; x_wconf 78' lang='lat' dir='ltr'>Chremes.</span> <span class='ocrx_word' id='word_1_247' title='bbox 1646 2201 1770 2236; x_wconf 84' lang='lat' dir='ltr'>senex</span> <span class='ocrx_word' id='word_1_248' title='bbox 1804 2202 1941 2233; x_wconf 73' lang='lat' dir='ltr'>avarus</span> <span class='ocrx_word' id='word_1_249' title='bbox 1972 2192 2022 2230; x_wconf 80' lang='lat' dir='ltr'>ab</span> <span class='ocrx_word' id='word_1_250' title='bbox 2048 2193 2119 2228; x_wconf 73' lang='lat' dir='ltr'>Te·</span> 
     </span>
     <span class='ocr_line' id='line_1_52' title="bbox 1230 2242 2119 2300; baseline -0.01 -9"><span class='ocrx_word' id='word_1_251' title='bbox 1230 2255 1358 2292; x_wconf 83' lang='lat' dir='ltr'>rentio</span> <span class='ocrx_word' id='word_1_252' title='bbox 1378 2263 1483 2300; x_wconf 81' lang='lat' dir='ltr'>saepe</span> <span class='ocrx_word' id='word_1_253' title='bbox 1501 2254 1683 2290; x_wconf 82' lang='lat' dir='ltr'>inductus</span> <span class='ocrx_word' id='word_1_254' title='bbox 1697 2251 1737 2286; x_wconf 87' lang='lat' dir='ltr'>in</span> <span class='ocrx_word' id='word_1_255' title='bbox 1749 2257 1923 2288; x_wconf 71' lang='lat' dir='ltr'>scenam.</span> <span class='ocrx_word' id='word_1_256' title='bbox 1940 2263 1996 2275; x_wconf 93' lang='lat'>-</span> <span class='ocrx_word' id='word_1_257' title='bbox 2017 2242 2119 2282; x_wconf 77' lang='lat' dir='ltr'>Pre-</span> 
     </span>
    </p>
   </div>
   <div class='ocr_carea' id='block_1_14' title="bbox 1216 2303 1803 2351">
    <p class='ocr_par' dir='ltr' id='par_1_27' title="bbox 1216 2303 1803 2351">
     <span class='ocr_line' id='line_1_53' title="bbox 1216 2303 1803 2351; baseline -0.014 -4"><span class='ocrx_word' id='word_1_258' title='bbox 1216 2315 1362 2346; x_wconf 80' lang='lat' dir='ltr'>&#39;mam.</span> <span class='ocrx_word' id='word_1_259' title='bbox 1388 2306 1593 2345; x_wconf 77' lang='lat' dir='ltr'>nerodiam</span> <span class='ocrx_word' id='word_1_260' title='bbox 1611 2333 1620 2351; x_wconf 90' lang='lat'>,</span> <span class='ocrx_word' id='word_1_261' title='bbox 1643 2303 1803 2341; x_wconf 74' lang='lat' dir='ltr'>abdam.</span> 
     </span>
    </p>
   </div>
   <div class='ocr_carea' id='block_1_15' title="bbox 1232 2349 2126 2458">
    <p class='ocr_par' dir='ltr' id='par_1_28' title="bbox 1232 2349 2126 2458">
     <span class='ocr_line' id='line_1_54' title="bbox 1288 2349 2121 2398; baseline -0.016 0"><span class='ocrx_word' id='word_1_262' title='bbox 1288 2364 1353 2398; x_wconf 66' lang='lat'>310.</span> <span class='ocrx_word' id='word_1_263' title='bbox 1384 2359 1634 2397; x_wconf 72' lang='lat' dir='ltr'>Discinccm.</span> <span class='ocrx_word' id='word_1_264' title='bbox 1653 2357 1889 2394; x_wconf 75' lang='lat' dir='ltr'>Dissoiutus.</span> <span class='ocrx_word' id='word_1_265' title='bbox 1904 2349 2121 2398; x_wconf 74' lang='lat' dir='ltr'>-Nepo⁸.</span> 
     </span>
     <span class='ocr_line' id='line_1_55' title="bbox 1232 2405 2126 2458; baseline -0.013 -7"><span class='ocrx_word' id='word_1_266' title='bbox 1232 2415 1435 2458; x_wconf 63' lang='lat' dir='ltr'>significat</span> <span class='ocrx_word' id='word_1_267' title='bbox 1457 2421 1505 2450; x_wconf 81' lang='lat' dir='ltr'>ea</span> <span class='ocrx_word' id='word_1_268' title='bbox 1526 2419 1601 2448; x_wconf 78' lang='lat' dir='ltr'>vox</span> <span class='ocrx_word' id='word_1_269' title='bbox 1622 2408 1835 2452; x_wconf 76' lang='lat' dir='ltr'>aliquando</span> <span class='ocrx_word' id='word_1_270' title='bbox 1866 2405 2126 2442; x_wconf 76' lang='lat' dir='ltr'>iihidinosum</span> 
     </span>
    </p>
   </div>
   <div class='ocr_carea' id='block_1_16' title="bbox 1232 2463 1731 2509">
    <p class='ocr_par' dir='ltr' id='par_1_29' title="bbox 1232 2463 1731 2509">
     <span class='ocr_line' id='line_1_56' title="bbox 1232 2463 1731 2509; baseline -0.016 -5"><span class='ocrx_word' id='word_1_271' title='bbox 1232 2468 1433 2504; x_wconf 83' lang='lat' dir='ltr'>hominem</span> <span class='ocrx_word' id='word_1_272' title='bbox 1451 2468 1492 2501; x_wconf 87' lang='lat' dir='ltr'>et</span> <span class='ocrx_word' id='word_1_273' title='bbox 1508 2463 1731 2509; x_wconf 78' lang='lat' dir='ltr'>prodigum.</span> 
     </span>
    </p>
   </div>
   <div class='ocr_carea' id='block_1_17' title="bbox 1035 2643 1364 2667">
    <p class='ocr_par' dir='ltr' id='par_1_30' title="bbox 1035 2643 1364 2667">
     <span class='ocr_line' id='line_1_57' title="bbox 1035 2643 1364 2667; baseline 0 1183"><span class='ocrx_word' id='word_1_274' title='bbox 1035 2643 1364 2667; x_wconf 95' lang='lat' dir='ltr'> </span> 
     </span>
    </p>
   </div>
   <div class='ocr_carea' id='block_1_18' title="bbox 1057 2803 1333 2862">
    <p class='ocr_par' dir='ltr' id='par_1_31' title="bbox 1057 2803 1333 2862">
     <span class='ocr_line' id='line_1_58' title="bbox 1057 2803 1333 2862; baseline -0.011 0"><span class='ocrx_word' id='word_1_275' title='bbox 1057 2803 1208 2862; x_wconf 89' lang='lat' dir='ltr'>ODE</span> <span class='ocrx_word' id='word_1_276' title='bbox 1260 2803 1333 2860; x_wconf 92' lang='lat'>11.</span> 
     </span>
    </p>
   </div>
   <div class='ocr_carea' id='block_1_19' title="bbox 285 2972 2125 3088">
    <p class='ocr_par' dir='ltr' id='par_1_32' title="bbox 285 2972 2125 3088">
     <span class='ocr_line' id='line_1_59' title="bbox 285 2972 2125 3026; baseline 0.002 -11"><span class='ocrx_word' id='word_1_277' title='bbox 285 2974 450 3022; x_wconf 68' lang='lat' dir='ltr'>Alpinius</span> <span class='ocrx_word' id='word_1_278' title='bbox 476 2972 720 3024; x_wconf 75' lang='lat' dir='ltr'>ioenerator,</span> <span class='ocrx_word' id='word_1_279' title='bbox 754 2977 867 3023; x_wconf 76' lang='lat' dir='ltr'>quasi</span> <span class='ocrx_word' id='word_1_280' title='bbox 887 2977 984 3014; x_wconf 76' lang='lat' dir='ltr'>artis</span> <span class='ocrx_word' id='word_1_281' title='bbox 1004 2985 1087 3015; x_wconf 77' lang='lat' dir='ltr'>suae</span> <span class='ocrx_word' id='word_1_282' title='bbox 1105 2981 1295 3024; x_wconf 76' lang='lat' dir='ltr'>pertaesus</span> <span class='ocrx_word' id='word_1_283' title='bbox 1308 3007 1319 3026; x_wconf 94' lang='lat'><em>,</em></span> <span class='ocrx_word' id='word_1_284' title='bbox 1339 2979 1477 3018; x_wconf 75' lang='lat' dir='ltr'>iaudat</span> <span class='ocrx_word' id='word_1_285' title='bbox 1495 2982 1615 3018; x_wconf 79' lang='lat' dir='ltr'>vitam</span> <span class='ocrx_word' id='word_1_286' title='bbox 1632 2979 1847 3026; x_wconf 69' lang='lat' dir='ltr'>rusticam5</span> <span class='ocrx_word' id='word_1_287' title='bbox 1868 2979 1938 3017; x_wconf 74' lang='lat' dir='ltr'>sed</span> <span class='ocrx_word' id='word_1_288' title='bbox 1956 2987 2051 3018; x_wconf 81' lang='lat' dir='ltr'>mox</span> <span class='ocrx_word' id='word_1_289' title='bbox 2071 2981 2125 3018; x_wconf 81' lang='lat' dir='ltr'>ad</span> 
     </span>
     <span class='ocr_line' id='line_1_60' title="bbox 873 3044 1538 3088; baseline 0.006 -8"><span class='ocrx_word' id='word_1_290' title='bbox 873 3044 1074 3088; x_wconf 76' lang='lat' dir='ltr'>ingenium</span> <span class='ocrx_word' id='word_1_291' title='bbox 1103 3047 1145 3082; x_wconf 88' lang='lat' dir='ltr'>et</span> <span class='ocrx_word' id='word_1_292' title='bbox 1170 3046 1395 3086; x_wconf 83' lang='lat' dir='ltr'>institutum</span> <span class='ocrx_word' id='word_1_293' title='bbox 1421 3047 1538 3086; x_wconf 83' lang='lat' dir='ltr'>redit.</span> 
     </span>
    </p>
   </div>
   <div class='ocr_carea' id='block_1_20' title="bbox 1904 3101 1949 3124">
    <p class='ocr_par' dir='ltr' id='par_1_33' title="bbox 1904 3101 1949 3124">
     <span class='ocr_line' id='line_1_61' title="bbox 1904 3101 1949 3124; baseline 0 0"><span class='ocrx_word' id='word_1_294' title='bbox 1904 3101 1949 3124; x_wconf 63' lang='grc' dir='ltr'>σθ</span> 
     </span>
    </p>
   </div>
   <div class='ocr_carea' id='block_1_21' title="bbox 575 3167 1650 3314">
    <p class='ocr_par' dir='ltr' id='par_1_34' title="bbox 575 3167 1650 3314">
     <span class='ocr_line' id='line_1_62' title="bbox 575 3167 1622 3242; baseline 0.002 -16"><span class='ocrx_word' id='word_1_295' title='bbox 575 3188 600 3216; x_wconf 74' lang='lat'>⁸</span> <span class='ocrx_word' id='word_1_296' title='bbox 641 3167 846 3226; x_wconf 84' lang='lat' dir='ltr'>Beatus</span> <span class='ocrx_word' id='word_1_297' title='bbox 872 3168 970 3224; x_wconf 89' lang='lat' dir='ltr'>ille</span> <span class='ocrx_word' id='word_1_298' title='bbox 999 3171 1096 3239; x_wconf 89' lang='lat' dir='ltr'>qui</span> <span class='ocrx_word' id='word_1_299' title='bbox 1127 3174 1319 3242; x_wconf 88' lang='lat' dir='ltr'>procui</span> <span class='ocrx_word' id='word_1_300' title='bbox 1353 3171 1622 3242; x_wconf 80' lang='lat' dir='ltr'>negotiis,</span> 
     </span>
     <span class='ocr_line' id='line_1_63' title="bbox 819 3240 1650 3314; baseline 0.005 -18"><span class='ocrx_word' id='word_1_301' title='bbox 819 3240 898 3297; x_wconf 86' lang='lat' dir='ltr'>Ut</span> <span class='ocrx_word' id='word_1_302' title='bbox 921 3243 1108 3312; x_wconf 88' lang='lat' dir='ltr'>prisca</span> <span class='ocrx_word' id='word_1_303' title='bbox 1134 3257 1276 3314; x_wconf 84' lang='lat' dir='ltr'>gens</span> <span class='ocrx_word' id='word_1_304' title='bbox 1301 3245 1650 3312; x_wconf 84' lang='lat' dir='ltr'>mortalium,</span> 
     </span>
    </p>
   </div>
   <div class='ocr_carea' id='block_1_22' title="bbox 289 3399 1174 3498">
    <p class='ocr_par' dir='ltr' id='par_1_35' title="bbox 289 3399 1174 3498">
     <span class='ocr_line' id='line_1_64' title="bbox 345 3399 1174 3451; baseline 0.006 -13"><span class='ocrx_word' id='word_1_305' title='bbox 345 3405 384 3440; x_wconf 83' lang='lat'>1.</span> <span class='ocrx_word' id='word_1_306' title='bbox 425 3399 578 3440; x_wconf 78' lang='lat' dir='ltr'>Procul</span> <span class='ocrx_word' id='word_1_307' title='bbox 607 3401 802 3451; x_wconf 67' lang='lat' dir='ltr'>negotiis.</span> <span class='ocrx_word' id='word_1_308' title='bbox 846 3405 1012 3445; x_wconf 65' lang='lat' dir='ltr'>uolente</span> <span class='ocrx_word' id='word_1_309' title='bbox 1052 3414 1174 3450; x_wconf 68' lang='lat' dir='ltr'>neso-</span> 
     </span>
     <span class='ocr_line' id='line_1_65' title="bbox 289 3454 778 3498; baseline 0.016 -8"><span class='ocrx_word' id='word_1_310' title='bbox 289 3454 437 3491; x_wconf 83' lang='lat' dir='ltr'>tiorum</span> <span class='ocrx_word' id='word_1_311' title='bbox 456 3464 550 3493; x_wconf 81' lang='lat' dir='ltr'>cura</span> <span class='ocrx_word' id='word_1_312' title='bbox 571 3456 778 3498; x_wconf 69' lang='lat' dir='ltr'>liberatus·</span> 
     </span>
    </p>
   </div>
   <div class='ocr_carea' id='block_1_23' title="bbox 1231 3403 2119 3505">
    <p class='ocr_par' dir='ltr' id='par_1_36' title="bbox 1231 3403 2119 3505">
     <span class='ocr_line' id='line_1_66' title="bbox 1284 3403 2119 3454; baseline 0 -12"><span class='ocrx_word' id='word_1_313' title='bbox 1284 3409 1324 3444; x_wconf 73' lang='lat'>2.</span> <span class='ocrx_word' id='word_1_314' title='bbox 1358 3403 1409 3444; x_wconf 71' lang='lat' dir='ltr'>Ut</span> <span class='ocrx_word' id='word_1_315' title='bbox 1436 3404 1584 3454; x_wconf 77' lang='lat' dir='ltr'>prisea</span> <span class='ocrx_word' id='word_1_316' title='bbox 1610 3411 1725 3454; x_wconf 64' lang='lat' dir='ltr'>qens.</span> <span class='ocrx_word' id='word_1_317' title='bbox 1754 3408 1841 3450; x_wconf 83' lang='lat' dir='ltr'>Quo</span> <span class='ocrx_word' id='word_1_318' title='bbox 1867 3413 1979 3442; x_wconf 79' lang='lat' dir='ltr'>more</span> <span class='ocrx_word' id='word_1_319' title='bbox 2018 3403 2119 3443; x_wconf 77' lang='lat' dir='ltr'>anti·</span> 
     </span>
     <span class='ocr_line' id='line_1_67' title="bbox 1231 3459 1837 3505; baseline 0 -11"><span class='ocrx_word' id='word_1_320' title='bbox 1231 3459 1410 3505; x_wconf 68' lang='lat' dir='ltr'>quiesimi</span> <span class='ocrx_word' id='word_1_321' title='bbox 1433 3459 1615 3498; x_wconf 73' lang='lat' dir='ltr'>homines</span> <span class='ocrx_word' id='word_1_322' title='bbox 1645 3460 1837 3496; x_wconf 73' lang='lat' dir='ltr'>vivebant.</span> 
     </span>
    </p>
   </div>
   <div class='ocr_carea' id='block_1_24' title="bbox 2303 826 2308 2142">
    <p class='ocr_par' dir='ltr' id='par_1_37' title="bbox 2303 826 2308 2142">
     <span class='ocr_line' id='line_1_68' title="bbox 2303 826 2308 2142; baseline 0 0"><span class='ocrx_word' id='word_1_323' title='bbox 2303 826 2308 2142; x_wconf 95' lang='lat' dir='ltr'> </span> 
     </span>
    </p>
   </div>
   <div class='ocr_carea' id='block_1_25' title="bbox 2304 2491 2308 3018">
    <p class='ocr_par' dir='ltr' id='par_1_38' title="bbox 2304 2491 2308 3018">
     <span class='ocr_line' id='line_1_69' title="bbox 2304 2491 2308 3018; baseline 0 0"><span class='ocrx_word' id='word_1_324' title='bbox 2304 2491 2308 3018; x_wconf 95' lang='lat' dir='ltr'> </span> 
     </span>
    </p>
   </div>
  </div>
 </body>
</html>
