2317 3850
850 117 1159 164 sannanim
1199 119 1353 162 uenit
1389 119 1432 163 1.

1959 105 2056 166 171
2093 95 2098 99 ’

353 200 490 258 Haec
522 210 613 254 res
640 200 697 252 et
716 195 941 267 jungit,
961 198 1189 265 junctos
1215 202 1272 252 et
1297 199 1482 252 servat
1506 195 1736 254 amicos.

234 273 325 334 55
435 270 509 326 At
532 282 639 326 nos
662 267 903 324 virtutes
929 268 1085 336 ipsas
1111 267 1470 333 invertimus,
1501 272 1668 337 atque
1819 270 1826 274 ’

353 342 655 398 sincerum
682 337 942 406 cupimus
967 351 1064 394 vas
1091 338 1426 396 incrustare.
1455 338 1676 394 Probus
1698 338 1830 408 quis

353 413 669 470 Nobiscum
692 408 871 466 vivit?
901 409 1139 466 multum
1163 413 1250 466 est
1277 408 1556 465 demissus
1582 409 1748 466 homo
1773 426 1788 464 ε
1817 407 1904 464 ilii

358 483 546 540 Tardo
571 523 585 545 ,
614 493 923 552 cognomen
954 480 1186 552 pinguis
1213 479 1431 536 damus.
1457 479 1564 536 Hic
1591 479 1738 552 fugit
1761 492 1954 537 omncs

355 553 604 609 Insidias
622 594 636 619 ,
666 550 921 620 nullique
949 552 1095 608 malo
1122 552 1274 608 latus
1300 551 1459 607 obdit
1487 557 1740 622 apertum
1757 593 1772 616 ‚

248 627 329 686 60
364 625 547 692 Quum
568 635 749 694 genus
772 621 879 678 hoc
907 622 1059 680 inter
1084 621 1214 679 vitae
1242 627 1498 678 versetur
1515 663 1530 688 ,
1557 622 1656 678 ubi
1685 623 1832 678 acris

369 693 609 761 Invidia,
642 698 809 763 atque
832 693 1022 764 vigent
1048 692 1147 750 ubi
1173 693 1442 762 crimina3
1468 706 1570 763 pro
1599 693 1740 748 bene
1771 704 1910 750 sano
1931 732 1948 760 ,

369 764 448 822 Ac
473 778 586 821 non
617 765 875 832 incauto,
906 765 1093 821 fictum
1121 769 1482 834 astutumque
1504 777 1786 820 vocamus.

361 835 683 907 Simplicior
706 836 837 904 quis
862 839 916 892 et
938 841 1025 892 est
1050 836 1292 906 (qualem
1325 849 1408 892 me
1437 849 1582 906 saepe
1605 835 1847 906 libenter

360 907 684 964 obtulerim
712 907 847 973 tibi,
876 905 1190 977 Maeoenas),
1211 911 1276 964 ut
1290 905 1434 964 forte
1457 906 1728 977 legentem

245 979 327 1039 65
362 977 476 1034 Aut
511 977 742 1034 tacitum
773 977 1057 1048 impellat,
1088 979 1292 1048 quovis
1319 990 1575 1036 sermone
1599 976 1910 1039 molestus;

372 1069 395 1096 ε
430 1048 725 1106 Communi
749 1061 919 1105 sensu
950 1049 1113 1120 plane
1141 1053 1325 1115 caret,
1358 1070 1380 1098 ι
1418 1049 1726 1117 inquimus,
1757 1047 1952 1102 Eheu!

364 1119 543 1188 Quam
572 1123 777 1176 temere
804 1120 865 1174 in
894 1124 1114 1176 nosmet
1137 1119 1314 1190 legem
1344 1120 1626 1174 sancimus
1653 1119 1942 1187 iniquam!

365 1191 507 1246 Nam
528 1190 690 1248 vitiis
720 1203 882 1248 nemo
909 1191 1034 1246 sine
1059 1193 1347 1246 nascitur:
1375 1190 1622 1258 optimus
1649 1189 1746 1244 ille
1773 1195 1860 1244 est

366 1260 477 1330 Qui
502 1261 755 1318 minimis
779 1266 1033 1333 urgetur.
1062 1259 1292 1316 Amicus
1317 1259 1522 1323 dulciS‚
1543 1264 1610 1314 ut
1635 1271 1850 1329 aequum
1879 1261 1965 1312 est
1983 1300 1998 1324 ,

246 1330 329 1392 70
366 1332 547 1400 Quum
574 1344 697 1390 mea
718 1336 1041 1402 compenset
1064 1330 1222 1387 vitiis
1250 1330 1425 1396 bona,
1451 1329 1710 1398 pluribus
1734 1327 1920 1395 hisce,

364 1404 425 1459 Si
455 1405 618 1460 modo
649 1404 815 1472 plura
849 1401 983 1459 mihi
1011 1401 1159 1456 bona
1187 1409 1351 1468 sunt,
1383 1399 1838 1456 inclinet,Amari

364 1474 425 1529 Si
454 1475 602 1530 volet
623 1474 731 1530 hac
758 1473 881 1544 lege
902 1515 919 1540 ,
948 1473 1009 1529 in
1037 1471 1256 1528 trutina
1280 1474 1519 1542 ponetur
1544 1470 1755 1528 eadem.

364 1544 513 1612 Qui,
545 1558 613 1602 ne
644 1544 938 1600 tuberibus
966 1542 1212 1614 propriis
1237 1543 1480 1600 offendat
1507 1543 1744 1598 amicum
1764 1581 1780 1606 ,

366 1615 653 1684 Postulat,
690 1616 947 1687 ignoscat
970 1614 1225 1672 verrucis
1255 1615 1433 1670 illius.
1463 1613 1700 1682 AEquum
1725 1614 1813 1668 est

256 1685 345 1745 75
381 1685 631 1741 Peccatis
652 1688 863 1743 veniam
889 1690 1210 1756 poscentem
1237 1685 1466 1742 reddere
1487 1695 1708 1740 rursus,

440 1754 726 1835 Denique,
754 1763 1033 1825 quatenus
1056 1757 1236 1813 excidi
1265 1757 1492 1827 penitus
1519 1755 1722 1812 vitium
1751 1753 1851 1810 irae
1868 1793 1885 1820 ‚

372 1825 577 1881 Cetera
603 1828 731 1879 item
761 1833 1050 1898 nequeunt
1072 1829 1270 1885 stultis
1300 1827 1570 1884 haerentia
1594 1845 1610 1894 ς
1638 1840 1738 1882 cur
1767 1835 1878 1882 non

264 1940 352 1977 55.
368 1932 631 1973 [avertimus.
652 1936 759 1982 ipsas
776 1937 935 1977 virtutes
962 1939 1004 1977 in
1021 1939 1116 1978 vitia

193 1988 344 2040 quasi
374 1987 583 2035 vertimus,
604 1989 695 2027 vitia
715 1990 1031 2041 interpretamur,
1056 1993 1109 2032 vl·

198 2048 374 2085 tiorum
393 2042 553 2080 nomine
575 2042 785 2082 donamus.

262 2100 347 2136 56.
374 2091 619 2142 sincerum,
640 2100 719 2135 etc.
740 2100 869 2143 Quum
888 2108 983 2137 vasa
1004 2101 1119 2137 erant

201 2152 323 2191 male
348 2151 479 2193 cocta,
500 2150 561 2186 vel
578 2148 729 2194 aliquid
752 2152 791 2187 in
811 2152 858 2188 iis
875 2153 963 2189 erat
982 2152 1118 2189 odoris

208 2204 311 2241 mali
331 2230 341 2248 ,
372 2202 611 2239 liniebantur
636 2204 741 2240 intus
768 2204 859 2241 oleo
882 2205 1058 2250 quodam
1076 2207 1119 2242 et

210 2256 389 2301 glutin03
420 2255 525 2292 unde
544 2256 663 2293 fiebat
680 2256 911 2295 incrustatlo
931 2258 1116 2303 quaedam

210 2312 254 2347 et
302 2308 519 2346 tectorium
560 2308 603 2345 in
636 2309 722 2355 ipso
751 2318 843 2347 vase
872 2320 883 2344 =
914 2318 995 2348 non
1024 2318 1117 2349 vero

210 2370 348 2407 quum
374 2364 491 2398 erant
510 2362 639 2407 proba
664 2364 707 2399 et
734 2363 913 2411 sincera,
948 2364 990 2401 ld
1020 2366 1083 2403 est
1103 2391 1115 2411 ,

211 2422 326 2461 pura
338 2441 348 2461 ‚
366 2413 615 2461 incorrupta.

274 2470 344 2504 57.
366 2464 595 2505 Demisws.
614 2468 819 2515 Abiectus,
834 2469 965 2515 exigui
978 2469 1115 2507 animi.

274 2522 343 2557 58.
366 2517 555 2569 pinquis,
576 2523 659 2559 etc.
678 2521 867 2565 Pinguem
884 2526 925 2560 et
940 2530 1118 2561 crassum

216 2580 409 2662 voconius
438 2582 530 2611 eum
542 2600 553 2621 ,
579 2574 650 2621 qui
671 2576 793 2620 paulo
814 2578 877 2619 est
898 2577 1051 2615 tardior
1070 2584 1119 2615 ao

220 2634 319 2671 segu
334 2634 397 2664 or.

220 2682 345 2768 ones.
374 2676 504 2717 Maio.
530 2679 699 2729 Insidiis,
719 2678 1119 2728 periculo.--0Mie.

286 2735 361 2769 ert.

282 2786 348 2820 co.
367 2780 500 2831 Quum
510 2794 656 2835 yeme,
674 2790 757 2825 etc.
782 2787 857 2834 Qui
876 2796 967 2827 cum
987 2788 1117 2825 bomi-

230 2832 351 2871 nibus
381 2838 574 2883 eiusmodi
594 2843 786 2888 versatur,
812 2843 873 2877 est
894 2842 935 2879 in
956 2849 1007 2879 eo
1028 2842 1120 2880 vito

230 2894 377 2930 genero
402 2893 440 2925 et
462 2892 665 2939 instituto,
702 2893 772 2929 ubi
798 2893 914 2929 multi
944 2896 1037 2931 sunt
1062 2894 1121 2931 ln-

225 2938 309 2977 vidi
323 2968 334 2986 ‚
356 2943 463 2980 multi
486 2946 704 2991 delatores,
725 2944 1013 2983 criminatores.

285 2995 349 3032 ca.
378 2992 579 3046 Qualem,
620 3001 702 3037 etc.
723 2997 863 3044 >Qualis
889 2997 975 3035 fleri
1003 2997 1123 3037 raone

226 3048 358 3091 notent
380 3052 427 3085 ut
444 3050 498 3087 ad
517 3054 556 3087 te
572 3052 808 3089 accesserim
820 3078 831 3098 ,
862 3060 887 3088 ο
906 3053 1121 3097 Πωοοῐιυ,

223 3098 449 3146 importune
460 3110 529 3141 me
538 3104 611 3141 tihi
622 3105 837 3144 obtrudens
843 3101 1122 3143 .—Libenter.

218 3154 267 3190 ln
294 3152 371 3192 hoc
395 3155 487 3193 loco
501 3183 511 3202 ,
532 3157 642 3194 idem
671 3160 733 3195 est
753 3168 801 3197 ac
825 3166 969 3205 parum
995 3156 1125 3195 consi-

215 3204 383 3256 «πίθηκος
398 3217 523 3253 quum
542 3208 839 3257 voluntati‘plus
853 3215 894 3249 et
910 3210 1036 3249 indoli
1050 3211 1121 3248 tri-

216 3258 374 3306 buitur,
396 3271 518 3306 quam
540 3264 695 3309 iudicio
712 3268 753 3301 et
768 3264 1006 3311 prudentia.

280 3314 348 3349 8¹0.
382 3312 433 3352 m
450 3312 579 3363 sorte,
610 3319 694 3355 etc.
715 3318 823 3355 Adeo
850 3322 897 3357 ut
918 3319 1089 3357 amicum
1108 3327 1118 3352 ε

218 3365 296 3409 qni
325 3366 424 3410 quid
446 3368 577 3413 legat,
606 3370 675 3415 qui
700 3370 839 3416 sileat,
874 3372 1118 3418 interpellet,

215 3418 341 3461 eique
377 3420 418 3457 in
470 3422 579 3458 omni
613 3430 793 3460 sermone
820 3426 873 3463 sit
902 3428 1118 3472 molestum

223 3473 503 3517 compellando
515 3498 527 3522 ,
550 3478 591 3512 et
608 3476 890 3523 obstrependo.

1223 1938 1292 1977 ὅτ.
1320 1936 1370 1977 In
1389 1942 1548 1987 nosmet
1579 1936 1734 1987 leyem,
1762 1939 1844 1974 eto.
1879 1934 2064 1975 Gravissi-

1171 2000 1278 2030 mam
1295 1993 1423 2036 legem
1440 1989 1556 2030 nobis
1573 1992 1826 2037 imponimus.

1225 2049 1293 2085 vo.
1320 2042 1456 2093 Quum
1467 2053 1578 2092 mea,
1600 2048 1679 2083 etc.
1699 2047 1826 2091 Quum
1839 2043 2072 2087 compenset

1173 2107 1264 2136 mea
1282 2098 1387 2136 bona
1401 2098 1507 2136 vitiis
1537 2098 1659 2144 mein
1700 2098 1862 2134 excuset
1880 2095 1975 2133 vitia
1990 2094 2068 2131 vlr-

1173 2152 1340 2189 tutibus.

1225 2206 1292 2241 71.
1321 2200 1528 2251 Inclinet,
1561 2205 1643 2239 etc„
1678 2202 1836 2239 Faveat.
1867 2200 1982 2239 Amet
1999 2207 2066 2237 me

1171 2256 1225 2294 cb
1243 2256 1350 2293 bona
1373 2255 1488 2300 plura
1501 2282 1512 2301 ,
1531 2255 1668 2300 potius
1697 2262 1818 2298 quam
1839 2253 1990 2299 oderit,
2013 2253 2068 2289 ob

1171 2308 1279 2347 mala
1310 2308 1501 2354 pauciora
1529 2310 1572 2345 et
1609 2306 1716 2343 vitia.
1751 2322 1808 2337 ι·-
1841 2303 1990 2343 Amori
2031 2302 2072 2342 ei

1171 2358 1302 2409 volet,
1328 2364 1409 2398 etc.
1431 2362 1506 2397 Per
1530 2360 1620 2405 pari
1645 2359 1838 2402 referam.
1861 2361 1904 2395 et
1927 2358 2069 2395 eadem

1171 2418 1264 2453 utar
1276 2415 1318 2451 in
1326 2422 1418 2452 eum
1432 2413 1597 2451 trutina.
1616 2430 1664 2439 -—
1677 2409 1876 2449 Trutina.
1889 2412 2064 2457 Trutina,

1171 2469 1250 2505 sive
1271 2475 1390 2513 ansa,
1411 2469 1472 2503 est
1489 2466 1668 2505 foramen
1686 2474 1758 2509 per
1775 2465 1883 2509 quod
1905 2465 2070 2501 horsum

1171 2525 1224 2559 et·
1254 2520 1432 2558 illorsum
1469 2519 1591 2564 ligula
1619 2519 1698 2556 sive
1733 2526 1897 2555 examen
1922 2518 2066 2561 vergit,
2131 2559 2136 2563 χ

1171 2574 1282 2620 quod
1307 2580 1496 2616 examen,
1530 2580 1654 2618 quum
1687 2574 1798 2609 extra
1821 2578 1958 2607 ansam
1987 2578 2068 2607 non

1172 2628 1328 2675 prodit,
1377 2624 1608 2670 intelligitur
1645 2632 1731 2662 esse
1769 2623 2035 2669 aequilibrium
2057 2638 2068 2669 ;

1169 2682 1311 2729 jugum
1338 2680 1518 2724 vocatur,
1549 2679 1698 2717 ferrum
1725 2682 1989 2715 transversum
2020 2685 2069 2714 ex

1172 2743 1255 2782 quo
1288 2734 1463 2781 pendent
1481 2733 1572 2771 binc
1598 2732 1691 2770 inde
1711 2732 1860 2771 lances.

1227 2790 1296 2826 τε.
1321 2783 1403 2835 ραι·
1417 2814 1430 2835 ,
1449 2795 1528 2837 ne,
1561 2790 1642 2825 ete.
1671 2787 1744 2831 Qui
1767 2786 1877 2832 cupit
1900 2787 1946 2822 ut
1967 2784 2070 2823 ami-

1174 2848 1244 2879 cus
1264 2842 1445 2886 ignoscat
1465 2842 1548 2877 suis
1569 2841 1786 2885 tuberibus,
1808 2839 1850 2875 id
1867 2841 1951 2884 est,
1977 2846 2067 2883 gra·

1172 2893 1347 2931 rioribus
1364 2892 1563 2939 peccatis3
1589 2894 1656 2930 ille
1676 2892 1846 2931 verrucis
1864 2890 1981 2930 amiel
1995 2920 2004 2937 ,
2025 2891 2070 2928 id

1174 2948 1249 2992 est,
1264 2944 1478 2983 levioribus
1485 2946 1588 2983 vitiis
1599 2947 1793 2991 ignoscat.
1813 2942 1998 2984 Verruca
2007 2947 2072 2983 est

1175 2999 1390 3037 caruncula
1401 2998 1554 3043 durior,
1571 3008 1660 3044 quse
1671 3000 1870 3036 interdum
1882 2997 1922 3036 in
1931 2998 2068 3042 digitis

1177 3052 1368 3089 excrescit
1383 3080 1392 3097 ,
1423 3049 1486 3088 vel
1503 3050 1660 3097 ironte,
1699 3053 1826 3090 instar
1851 3050 2068 3088 tuberculi·

1229 3106 1299 3143 τι.
1325 3102 1510 3151 AEquum
1529 3108 1610 3151 ese,
1635 3107 1715 3143 etc.
1733 3105 1855 3142 Decet
1871 3110 1976 3148 eum,
1998 3102 2070 3147 qui

1175 3158 1305 3203 poscit
1321 3158 1472 3194 veniam
1495 3156 1570 3193 sibl
1593 3157 1678 3195 dari
1698 3158 1740 3193 et
1767 3155 1850 3195 suls
1869 3156 2067 3201 peccatis,

1175 3212 1218 3248 ct
1235 3210 1374 3247 alienis
1389 3207 1493 3246 vitiis
1515 3208 1736 3253 ignoscere.

1230 3265 1298 3300 76.
1342 3258 1571 3308 Quatenus.
1617 3259 1963 3307 Quandoquidem.
2011 3276 2070 3289 -

1176 3312 1338 3354 Excidi
1353 3311 1538 3363 penitus.
1560 3314 1759 3353 Radieitus
1775 3314 1998 3361 exstirpari.

1231 3372 1299 3408 77.
1323 3364 1488 3406 stultis.
1515 3368 1574 3404 lta
1591 3368 1706 3405 stoici
1718 3368 1914 3405 vocabant
1930 3374 2068 3405 omnes

1177 3423 1247 3469 qui
1271 3422 1468 3469 sapientes
1489 3422 1531 3457 et
1558 3421 1700 3460 virtute
1721 3422 1877 3469 pra-diti
1897 3430 1980 3459 non
2000 3430 2062 3459 es·

1176 3478 1280 3515 ’eu‘-
