2317 3850
290 55 396 116 174

927 69 1232 115 summum
1271 71 1428 116 LIBER
1465 75 1502 118 1.

284 144 389 208 130
426 143 693 214 Optimus
722 150 811 202 est
836 145 1158 203 modulator
1181 165 1197 202 ι
1222 150 1286 204 ut
1308 145 1546 205 Alfenus
1573 149 1746 219 vafer,
1773 155 1927 212 omni

425 216 660 285 Abjecto
687 217 1069 273 instrumento
1086 217 1229 273 artis
1241 259 1257 286 ,
1275 219 1580 290 clausaque
1606 222 1839 280 taberna
1852 265 1870 291 ,

426 287 602 344 Sutor
624 293 772 344 erat:
799 287 1025 358 sapiens
1050 289 1238 358 operis
1268 290 1352 346 sic
1373 291 1622 361 optimus
1649 295 1835 350 omnis

426 357 535 414 Est
561 357 748 428 opifex
771 358 961 425 soluS,
988 358 1071 414 sic
1096 373 1210 416 rex.
1245 381 1268 408 ι
1295 360 1528 419 Vellunt
1547 361 1652 419 tibi
1669 364 1896 422 barbam

427 427 646 485 Lascivi
674 430 830 500 pueri
850 448 863 493 ;
892 443 1039 500 quos
1062 434 1123 486 tu
1154 431 1268 486 nisi
1294 429 1444 489 fuste
1463 435 1722 504 coerceS‚'

289 497 394 560 135
430 499 668 572 Urgeris
692 499 855 556 turba
878 501 1089 558 circum
1113 506 1170 558 te
1194 508 1408 570 stante,
1433 504 1718 575 miserque

428 569 729 642 Rumperis
747 613 761 637 ,
796 575 852 626 et
874 571 1079 638 latraS,
1109 586 1439 644 magnorum
1465 577 1700 632 maxime
1725 591 1943 648 regum.

499 643 582 699 Ne
611 644 837 714 longum
867 640 1090 710 faciam,
1123 644 1257 700 dum
1279 649 1342 700 tu
1367 647 1673 716 quadrante
1704 647 1948 704 lavatum

432 711 550 768 Rex
576 713 687 769 ibis
709 756 722 780 ,
756 725 936 782 neque
965 718 1019 768 te
1044 715 1344 784 quisquam
1369 715 1630 786 stipator,
1660 718 1912 788 ineptum

431 783 637 840 Praeter
664 783 987 852 Crispinum
1006 823 1027 852 ,-
1050 787 1393 856 sectabitur3
1421 789 1633 844 etmihi
1661 787 1854 846 dulces

288 852 394 912 140
430 853 758 924 Ignoscent,
789 855 839 910 si
868 855 1005 923 quid
1030 869 1259 926 peccaro
1282 858 1524 927 stultuS,
1552 857 1742 924 amici3

430 923 605 996 Inque
632 925 804 982 vicem
834 925 1059 983 illorum
1087 929 1268 998 patiar
1291 928 1495 986 delicta
1522 930 1784 1000 libenter,

431 991 803 1068 privatusque
830 998 1009 1070 magis
1036 999 1216 1054 vivam
1245 1006 1298 1056 te
1323 1015 1451 1072 rege
1477 1001 1694 1059 beatus.

286 1134 363 1177 nus
377 1131 466 1168 erat
482 1131 657 1178 optimus
674 1135 800 1178 sutor,
818 1132 914 1170 licet
931 1140 1015 1169 non
1035 1133 1182 1170 tracta-

286 1183 348 1216 ret
367 1182 500 1229 reipsa
516 1185 717 1231 subulam,
740 1189 780 1223 et
796 1186 991 1224 sutrinam
1015 1185 1182 1223 haberet

285 1233 462 1272 clausam
504 1249 515 1272 ε
554 1239 636 1285 sic,
674 1242 753 1276 etc.
794 1255 850 1268 -
883 1236 1178 1287 Hermogenes.

284 1287 547 1332 Hermogenes
575 1291 755 1336 Tigellius
780 1295 869 1330 erat
896 1292 1063 1337 Augusti
1084 1299 1178 1330 can-

286 1341 364 1386 tor,
388 1342 561 1381 diversus
579 1345 629 1382 ab
644 1345 803 1392 Tigellio
822 1345 947 1384 sardo
960 1371 973 1392 ,
994 1352 1117 1391 quem
1134 1345 1178 1382 in

284 1394 417 1432 satirae
438 1396 575 1434 limine
592 1402 796 1436 mortuum
814 1399 943 1446 ponit.

340 1449 432 1485 180.
472 1448 662 1498 Alfenus.
698 1453 829 1490 Antea
861 1454 989 1498 sutor,
1036 1453 1180 1496 postea

276 1499 586 1544 jurisconsultus
605 1507 739 1542 Romae
754 1504 1009 1549 clarissimus,
1030 1507 1073 1541 et
1086 1513 1178 1542 con·

281 1551 345 1588 sul
359 1579 369 1598 ,
392 1554 547 1594 catullo
564 1559 608 1594 et
622 1558 785 1602 virgilio
806 1558 1082 1596 amicissimus.

338 1608 431 1644 183.
461 1603 650 1657 venunt,
686 1613 767 1650 etc.
797 1612 943 1650 Probat
974 1619 1057 1647 non
1090 1618 1178 1648 ease

278 1666 413 1703 regem
428 1687 439 1707 ,
462 1663 530 1706 qui
548 1663 625 1700 hoc
642 1673 667 1702 a
689 1664 822 1710 pueris
841 1664 1032 1711 patiatur.

337 1715 431 1750 1810.
476 1712 658 1754 Lascivi.
716 1717 909 1762 protervi,
969 1722 1177 1760 procaces.

279 1763 507 1812 Philosophi
544 1768 713 1812 qnidam
726 1797 742 1816 ι
775 1772 817 1807 et
858 1769 1010 1814 cynici,
1041 1771 1177 1806 nomm

277 1814 474 1867 ludibrio,
496 1821 618 1860 etiam
633 1822 795 1871 pueris,
820 1824 948 1860 erant.

1289 1133 1381 1169 186.
1413 1129 1651 1182 RumperiS.
1680 1133 1837 1171 Scilicet
1863 1141 1948 1180 pro
1970 1135 2050 1183 ira,
2080 1153 2132 1166 -

1232 1179 1406 1223 Lan-as.
1427 1186 1610 1224 Convicia
1623 1187 1742 1232 jacis.

1290 1240 1382 1275 187.
1404 1235 1661 1286 Quadrante.
1682 1243 1842 1286 Merces,
1863 1241 2032 1285 publicis
2043 1243 2137 1280 bal-

1231 1291 1464 1330 neatoribus
1492 1293 1580 1330 dari
1613 1292 1752 1338 solita,
1785 1294 1983 1338 quadrans
2012 1299 2121 1342 erae,

1231 1343 1275 1381 id
1311 1347 1398 1391 est,
1429 1349 1572 1391 quarta
1599 1355 1693 1393 pars
1721 1347 1844 1393 assis,
1872 1347 2014 1394 exigua
2037 1355 2133 1386 mo·

1231 1400 1326 1436 neta
1343 1407 1464 1439 aerca.

1287 1454 1382 1489 188.
1409 1449 1616 1502 stipator.
1649 1453 1790 1490 Comes
1814 1465 1825 1489 :
1859 1453 2023 1500 proprie
2051 1454 2126 1492 sti·

1229 1506 1391 1548 pateres
1417 1505 1602 1543 dicuntur
1625 1505 1686 1542 illi
1713 1506 1874 1554 milites,
1899 1506 1968 1551 qui
1987 1515 2134 1552 regum

1229 1555 1359 1596 latera
1381 1561 1594 1604 protegunt
1608 1559 1766 1596 armati,

1286 1612 1380 1648 1100.
1406 1607 1585 1648 Stultus.
1616 1613 1688 1648 Per
1709 1611 2019 1656 imprudentiam
2036 1624 2049 1648 ε
2065 1613 2133 1651 ve}

1230 1661 1333 1699 rorte
1349 1690 1360 1708 ‚
1387 1663 1482 1708 qnia
1512 1663 1628 1700 stoici
1659 1671 1730 1700 eos
1757 1673 1894 1702 omnes
1919 1665 1988 1711 qni
2025 1668 2130 1712 quid

1229 1717 1442 1759 peccarent
1453 1743 1462 1761 ,
1483 1716 1626 1754 stultos
1643 1717 1851 1756 vocabant.

1285 1769 1378 1806 1102.
1407 1766 1560 1818 Rapis.
1582 1771 1703 1815 uagis
1718 1772 1874 1818 beatus,
1895 1769 2054 1811 :elicior
2065 1774 2128 1821 te,

1229 1821 1300 1866 qui
1316 1823 1386 1860 tuo
1401 1823 1556 1870 judicio
1576 1831 1646 1862 rex
1659 1831 1718 1864 es.

1046 1980 1376 2005 m·—

1006 2110 1262 2171 SA'HRA
1295 2110 1393 2169 IV.

709 2240 759 2277 Se
776 2239 948 2287 primum
963 2266 976 2289 ,
998 2241 1141 2282 deinde
1156 2242 1342 2283 mancos
1356 2244 1466 2281 vates
1487 2243 1665 2280 excusat.-

422 2348 660 2418 Eupolis
674 2391 690 2416 ,
720 2356 887 2422 atque
911 2352 1180 2411 Cratinus
1198 2396 1214 2421 ,

1243 2354 1758 2436 Aristophanesque
1783 2360 1990 2425 poetae,

424 2420 604 2489 Atque
624 2420 751 2490 alii,
782 2436 1021 2493 quorum
1047 2424 1316 2485 comoedia
1343 2438 1528 2496 prisca
1554 2426 1800 2480 virorum
1829 2430 1943 2491 est,

422 2492 484 2547 Si
514 2490 645 2562 quis
670 2496 790 2550 erat
818 2494 1025 2565 dignus
1045 2495 1321 2562 describi,
1355 2494 1504 2564 quod
1533 2495 1742 2573 malus,
1769 2501 1866 2575 aut
1884 2493 1994 2562 fur,

422 2561 585 2631 Quod
606 2564 855 2621 moecbus
880 2567 1055 2633 foret,
1076 2572 1176 2623 aut
1200 2565 1440 2621 sicarius
1454 2604 1470 2629 ,
1497 2568 1596 2617 aut
1617 2564 1832 2632 alioqm

349 2634 387 2695 5
419 2634 721 2703 FamosuS,
753 2636 930 2693 multa
958 2650 1082 2693 cum
1106 2637 1362 2691 libertate
1391 2631 1681 2689 notabant.

334 2776 374 2811 1.
413 2770 603 2825 Eupolis.
632 2775 754 2809 Poeta
782 2771 958 2809 comicus
991 2777 1161 2814 meus,

1223 2766 1430 2811 vindemia,
1451 2766 1492 2803 in
1511 2766 1702 2802 bonorem
1717 2763 1860 2801 Bacchi
1877 2764 2042 2803 recitari
2055 2776 2136 2808 ω-

277 2825 348 2871 qui
367 2826 517 2873 populo
534 2824 715 2870 inprimis
732 2832 871 2869 carus,
888 2825 933 2860 et
948 2823 991 2871 in
1006 2829 1170 2866 carpen-
1223 2820 1336 2857 litum
1352 2834 1363 2865 3
1384 2826 1477 2856 mox
1507 2818 1673 2855 inventa>
1689 2820 1732 2855 et
1751 2816 1896 2856 additae
1916 2826 2124 2869 persono,

278 2878 341 2917 dis
366 2878 471 2917 vitiis
497 2876 721 2915 liberrimus
746 2875 838 2913 fuit.
867 2892 925 2904 —
952 2870 1168 2913 Cratinus.
1217 2873 1372 2920 iactata
1387 2872 1431 2910 in
1447 2871 1583 2910 obvios
1601 2870 1805 2919 convicia;
1837 2872 1968 2910 notati
1997 2875 2126 2913 etiam

275 2930 522 2969 Atheniensis
548 2941 560 2965 =
580 2929 717 2966 floruit
738 2931 918 2975 tempore
936 2926 1031 2966 belli
1053 2926 1167 2974 pelo-

276 2981 505 3027 ponnesiaci
519 3010 529 3028 ,
558 2982 679 3019 bomo
704 2980 888 3028 vinosus,
909 2982 951 3018 et
973 2980 1077 3026 gulas
1102 2980 1171 3019 de-

278 3035 401 3073 ditus.
417 3053 474 3064 —
492 3032 812 3083 Aristophanes.
832 3034 948 3073 nand
962 3034 1020 3071 ita
1040 3034 1168 3073 multo

277 3090 370 3134 post
383 3088 589 3127 Cratinum
613 3088 749 3125 floruit
772 3098 784 3123 z
807 3090 962 3126 exstant
987 3089 1075 3135 ejus
1102 3096 1171 3127 oo-

277 3142 437 3181 moeclloe
462 3142 711 3182 facetissima
732 3152 743 3177 ε
776 3144 981 3181 socratem
999 3142 1171 3181 maxime

276 3196 505 3241 exagitavit.

331 3254 373 3287 a.
400 3247 535 3299 Atque
556 3246 639 3289 alii
651 3277 662 3297 ,
686 3251 768 3287 etc.
790 3251 920 3295 Atque
942 3250 1011 3289 alli
1027 3250 1172 3297 priscas

278 3304 486 3341 comoediae
514 3304 743 3350 scriptores.
766 3320 817 3330 —
843 3300 1063 3343 Gomoedia
1084 3300 1174 3353 pri-

274 3362 365 3393 sca.
390 3356 492 3392 Olim
508 3356 703 3394 comoedia
722 3355 775 3393 nil
793 3356 901 3393 aliud
918 3359 1029 3402 erat,
1049 3364 1172 3401 quam

276 3412 438 3445 carmen
472 3409 674 3453 quoddam
713 3418 738 3445 a
772 3409 953 3453 rusticis,
987 3408 1172 3447 contecta

1222 2934 1360 2965 amaro
1375 2927 1472 2973 joco
1488 2926 1586 2965 certi
1611 2926 1814 2971 homines,
1834 2924 1947 2964 invisi
1972 2928 2116 2972 vulgoz

1223 2989 1316 3027 quae
1342 2980 1504 3019 libertas
1531 2980 1671 3017 deinde
1692 2980 1812 3017 vetita
1837 2977 1988 3023 legibus
2015 2980 2117 3025 tuit,

1224 3038 1464 3080 cautumque
1483 3034 1669 3079 deinceps
1684 3041 1735 3070 ne
1751 3032 1842 3079 quia
1855 3032 1899 3069 in
1920 3033 2126 3071 comoedin

1225 3088 1529 3133 describeretur,
1559 3089 1601 3124 ei
1640 3086 1800 3123 nomine
1833 3085 2121 3131 appellaretur.

1224 3142 1324 3180 Huic
1343 3142 1466 3181 veteri
1491 3138 1698 3179 comoedioe
1717 3146 1818 3178 nova
1842 3140 1885 3177 et
1901 3138 2127 3175 modestior

1223 3195 1434 3241 successit,
1466 3194 1508 3231 in
1535 3200 1641 3239 qua,
1675 3192 1777 3229 iictis
1809 3191 2050 3236 argumentis
2079 3191 2125 3227 et

1223 3248 1418 3296 personis,
1439 3244 1664 3293 quotidiani
1677 3254 1810 3284 mores
1823 3244 2121 3281 describuntur.

1279 3304 1321 3339 b.
1348 3295 1563 3342 sicarius.
1593 3298 1816 3337 Homicida.
1841 3298 1932 3335 sica
1961 3298 2022 3333 est
2051 3304 2124 3333 en·

1223 3354 1279 3391 sis
1296 3354 1464 3399 brevior,
1484 3357 1528 3392 ct
1541 3354 1726 3391 incurvus
1745 3364 1757 3389 a
1777 3358 1900 3395 genus
1915 3347 2122 3395 pugionis.

1281 3410 1322 3445 ὅ.
1347 3404 1563 3445 Famem.
1581 3406 1758 3443 infamis.
