2317 3850
233 94 346 159 232

867 108 1172 155 sumtuum
1200 110 1362 175 usen-
1392 110 1453 153 tl.

380 186 523 243 Nam
547 184 690 243 facie
717 192 1007 257 praestant.
1033 186 1323 244 Venucula
1346 182 1609 241 convenit
1636 181 1791 240 ollis,

382 256 614 314 Rectius
637 258 892 314 albanam
915 257 1069 315 i'umo
1095 255 1386 315 duraveris
1414 266 1596 311 uvam.

382 326 544 385 Hanc
564 341 667 399 ego
691 342 814 386 cum
835 328 1028 394 malie,
1057 342 1163 399 ego
1192 326 1376 383 faecem
1404 326 1653 397 primm,
1682 327 1741 379 et
1760 322 1925 379 halec
1952 366 1973 393 ,

382 397 608 456 Primus
635 404 692 455 et
719 399 976 456 invenior
1003 399 1160 468 piper
1184 398 1371 453 album
1388 437 1404 462 ‚
1432 410 1557 451 cum
1574 394 1703 477 ,sale
1730 394 1895 467 nigro

276 468 352 531 75
386 468 664 526 lucr-etum
684 510 700 536 ,
730 470 892 539 puris
920 468 1394 539 circumposuisse
1416 465 1648 521 catillis.

458 540 704 596 immane
732 546 819 597 est
845 540 1044 596 vitium
1075 539 1206 595 dare
1229 538 1407 595 millia
1435 542 1591 592 terna
1616 533 1881 602 macelin,

383 608 754 681 Angustoque
780 623 952 681 vagos
977 610 1160 680 pisces
1192 622 1389 679 urgere
1415 607 1623 663 catino.
1892 673 1908 688 .

383 679 588 750 Magna
617 685 840 736 movent
863 681 1148 737 stomacho
1174 677 1401 735 fastidia
1420 719 1437 743 ,
1464 691 1563 733 seu
1594 689 1730 745 puer
1751 678 1952 731 unctis

387 750 668 806 Tractavit
687 750 914 805 calicem
945 750 1234 814 manihuS,
1263 749 1395 805 dum
1418 746 1571 803 furta
1598 745 1833 817 ligurit;

273 818 354 881 80
384 821 510 876 Sive
537 820 724 891 gravis
747 820 922 876 veteri
944 826 1173 877 craterae
1200 819 1373 875 limus
1394 818 1651 875 adhaesit.

385 890 608 945 Vilibus
634 890 693 945 in
722 891 937 959 scopis,
968 891 1026 946 in
1057 888 1308 960 mappiS,
1339 890 1401 945 in
1430 888 1628 953 scobe,
1648 888 1900 956 quantus

385 958 668 1017 Consistit
685 956 990 1030 sumptus?
1017 960 1318 1032 neglectis,
1347 958 1619 1029 flagitium
1644 957 1865 1027 ingens.

385 1030 518 1085 Ten'
546 1030 762 1101 lapides
785 1031 972 1088 varios
995 1031 1273 1087 lutulenta
1295 1031 1487 1087 radere
1517 1027 1698 1097 palma
1714 1068 1731 1093 ,

383 1098 462 1156 Et
483 1104 654 1171 tyrias
678 1102 808 1157 dare
835 1102 1044 1159 circum
1064 1102 1226 1159 illota
1252 1101 1453 1158 toralia
1479 1103 1683 1164 vesteS‚

275 1168 352 1233 85
385 1169 666 1237 Obiitum,
693 1179 906 1242 quanto
931 1186 1122 1229 curam
1152 1178 1548 1247 sumptumque
1572 1169 1843 1225 minorem

389 1242 522 1297 Haec
545 1242 814 1309 habeant,
842 1248 1001 1301 tanto
1027 1244 1284 1313 reprendi
1306 1241 1518 1313 justius
1542 1238 1684 1303 illis,
1806 1286 1833 1321 ,Δ

387 1312 526 1383 Quoe
549 1314 663 1369 nisi
687 1314 962 1372 divitibus
987 1318 1274 1385 nequeunt
1295 1312 1621 1383 contingere
1646 1311 1905 1365 mensts?

532 1398 820 1441 nonnius,

389 1451 564 1511 Docte
583 1455 738 1522 Cati,
763 1468 859 1525 per
885 1454 1185 1512 amicitiam
1203 1496 1221 1522 ‚
1250 1453 1517 1522 divosque
1544 1454 1804 1521 rogatuS,

389 1524 606 1581 Ducere
629 1540 716 1581 me
741 1526 991 1582 auditum
1009 1566 1025 1591 ‚
1053 1539 1253 1595 perges
1274 1535 1655 1593 quocumque,
1686 1523 1990 1579 memento.

279 1590 358 1653 90
390 1595 530 1650 Nam
556 1597 812 1665 quamvis
840 1596 1050 1651 referas
1073 1594 1303 1650 memori
1324 1592 1461 1649 mihi
1487 1598 1705 1659 pectore
1732 1595 1932 1647 cuncta
1950 1632 1971 1659 ‚

389 1666 517 1722 Non
547 1672 727 1723 tamen
753 1667 1031 1736 interpres
1052 1664 1395 1721 tantumdem
1418 1662 1665 1734 juverise
1694 1660 1834 1721 adde

296 1838 367 1875 τί.
394 1828 540 1874 Facie.
575 1833 720 1871 Forma
749 1834 793 1869 et
820 1831 1131 1878 pulchritudine.

241 1905 297 1918 -—
316 1884 546 1927 Venucula.
572 1884 774 1927 Venucula
805 1888 867 1921 est
893 1891 978 1922 uvas
1007 1885 1133 1930 qnod·

240 1943 338 1980 dam
357 1949 480 1987 senus
496 1967 508 1986 ,
526 1941 568 1978 in
599 1938 700 1976 olias
728 1937 908 1986 abditur,
934 1939 1077 1978 mellus
1091 1942 1135 1978 et

243 1997 442 2038 servatur.
473 2009 530 2022 -›
563 1989 685 2031 ouis.
713 1991 858 2031 vitreis
876 1992 918 2030 tn
943 1991 1034 2030 ollis
1061 2001 1128 2031 ra·

241 2047 350 2085 eemi
382 2055 488 2092 srepe
517 2048 744 2090 servantur,
776 2047 818 2082 et
833 2045 976 2084 liorem
1012 2053 1132 2084 suurn

239 2101 500 2145 coloremque
521 2100 589 2136 diu
608 2098 794 2136 retinent.

298 2156 368 2191 το.
396 2152 601 2191 Immune.
637 2151 896 2190 Commendat
933 2153 1062 2190 artem
1090 2155 1134 2192 et

241 2207 429 2245 ordinem
441 2207 482 2244 in
504 2215 631 2245 coena.
653 2223 702 2234 ·-
720 2202 836 2244 Dare
863 2203 1028 2254 millia,
1050 2209 1134 2246 ete.

239 2260 382 2298 Tribus
416 2260 591 2298 millibus
623 2258 850 2296 sestertium
881 2261 986 2302 (600
1021 2256 1104 2309 fr.)
1121 2287 1133 2306 ,

241 2321 378 2351 emere
393 2314 523 2360 pisces
535 2340 545 2358 ‚
566 2320 589 2348 e
612 2310 780 2348 macello
797 2337 807 2356 ‚
827 2313 870 2348 et
888 2320 958 2349 eos
975 2321 1131 2359 ιιι-κοῖος

242 2365 288 2403 tu
305 2368 389 2411 est,
409 2365 561 2411 stipare
579 2367 622 2402 et
637 2364 741 2402 alios
769 2363 860 2402 aitis
889 2373 1076 2410 asserere
1093 2366 1135 2404 in

241 2422 413 2462 tntusto
439 2419 588 2456 catino·

299 2475 370 2511 Π.
398 2467 548 2520 Vaqos.
575 2470 646 2509 vel
677 2473 738 2508 est
763 2470 983 2516 epithetum
1023 2480 1133 2510 com·

245 2531 368 2562 nune
387 2525 554 2570 piscium
567 2551 578 2568 ‚
598 2523 656 2560 vel
677 2523 872 2568 significat
888 2527 1036 2562 temere
1053 2526 1132 2562 dis·

239 2579 398 2624 sectos,
425 2585 473 2616 ac
495 2577 580 2616 sine
605 2576 692 2620 lese
715 2579 757 2614 et
783 2576 924 2614 ordine
941 2577 983 2614 in
999 2579 1137 2623 patina

245 2631 416 2678 positos.

302 2686 370 2720 τε.
413 2679 594 2720 Movent.
628 2683 722 2718 nese
758 2688 944 2723 maguum
977 2682 1137 2719 movent

245 2734 478 2780 lastidiuun
510 2734 543 2771 si
564 2733 653 2778 quis
675 2741 808 2768 servus
833 2731 1041 2776 pinguibus
1071 2733 1131 2769 di-

245 2789 340 2833 ssitis
368 2786 532 2825 calicem
559 2785 802 2828 attrectavit,
841 2783 934 2820 dum
967 2785 1135 2822 obsonia

243 2845 290 2878 et
311 2840 564 2877 condimenta
598 2837 732 2874 rurum
769 2837 1014 2879 degustatae
1032 2836 1132 2875 iarn·

245 2892 308 2931 bit
337 2904 348 2927 ε
371 2891 404 2928 si
430 2891 548 2928 limus
578 2897 660 2926 non
685 2890 746 2926 est
772 2889 952 2926 detersus
973 2897 995 2925 e
1012 2891 1135 2928 veteri

245 2947 418 2982 cratera.
451 2943 603 2980 Dic-itur
639 2944 796 2980 cratera
818 2969 831 2988 ,
863 2945 1026 2980 cratera
1044 2969 1056 2988 ,
1092 2947 1135 2983 et

245 3001 400 3042 enter,
424 2995 602 3033 crateris.

305 3054 372 3090 81.
401 3045 578 3096 Vilibus,
616 3049 699 3085 etc.
726 3048 851 3094 Quam
887 3049 1029 3092 exiguo
1059 3058 1132 3096 pa·

245 3105 330 3144 rari
355 3105 516 3148 sumptu
558 3101 726 3147 possunt
754 3110 886 3147 scopo
904 3129 916 3147 ,
947 3111 1105 3148 mappoe
1121 3130 1132 3150 ,

247 3157 401 3204 scobis,
430 3159 536 3201 etc..
575 3161 666 3199 quin
697 3156 831 3192 tamen
864 3155 948 3192 sine
983 3156 1136 3200 flagitio

247 3210 392 3254 negligi
413 3217 494 3246 non
513 3207 694 3253 possunt.
712 3225 770 3236 —
784 3205 962 3257 Mappt’s.
982 3211 1136 3255 nappin

249 3263 412 3308 proprie
437 3261 560 3298 lintea
582 3261 696 3296 erant
718 3261 860 3305 quihus
885 3263 1138 3306 tergebantur

249 3322 393 3352 nanus
418 3324 430 3348 ι
462 3313 643 3351 mantilia
675 3321 797 3359 vero,
834 3313 956 3351 lintea
993 3315 1136 3360 qulbus

246 3373 384 3404 mensa
421 3365 726 3403 instet-uebatur.
751 3383 808 3395 --
833 3363 976 3404 scobe.
1001 3367 1139 3405 scobis

247 3417 444 3463 significat
483 3420 664 3456 ramenta
694 3425 766 3456 seu
795 3421 930 3466 partes
974 3419 1139 3464 exiguas

1184 1830 1280 1877 ligni
1294 1858 1306 1877 ,
1329 1840 1421 1878 quse
1437 1840 1549 1871 serra
1565 1830 1628 1872 vei
1643 1830 1742 1871 lima
1757 1832 1981 1871 eraduntur
1992 1862 2005 1881 ‚
2023 1832 2082 1874 do

1186 1882 1231 1922 la
1250 1882 1392 1923 sciere
1414 1895 1425 1923 :
1450 1886 1499 1923 iis
1532 1886 1759 1934 pavimenta
1775 1895 1799 1924 e
1815 1894 2019 1926 marmore
2034 1892 2077 1926 et

1183 1939 1301 1977 variis
1350 1939 1549 1986 lapidibus
1598 1942 1725 1979 strata
1791 1941 2073 1986 operiebantur

1186 1995 1277 2030 aute
1310 2001 1464 2031 coenam
1484 2021 1496 2039 ,
1530 1994 1577 2031 nt
1600 1994 1737 2032 vinnm
1774 1996 1848 2030 aut
1878 2002 2029 2039 aquam
2050 2003 2079 2034 a

1184 2045 1377 2092 convivis,
1404 2048 1475 2084 aut
1493 2047 1703 2095 ministris,
1728 2049 1776 2085 nt
1790 2047 1855 2095 tit,
1888 2047 2000 2086 numi
2015 2049 2081 2095 Ja-

1184 2101 1289 2137 ctam
1310 2100 1595 2138 combiberant.

1240 2155 1308 2190 88.
1339 2150 1454 2191 Ten&
1480 2155 1568 2192 Non
1585 2155 1626 2190 te
1649 2153 1778 2199 pudet
1802 2153 2079 2200 pavimentum

1185 2213 1209 2242 e
1231 2205 1328 2243 varii
1358 2206 1503 2244 coloris
1523 2215 1722 2244 marmore
1742 2209 1911 2244 stratum
1926 2234 1937 2253 ,
1962 2206 2075 2244 lutu-

1186 2257 1303 2299 leutoe
1326 2260 1470 2304 palmae
1494 2268 1607 2298 ramo
1628 2259 1815 2297 verrere?
1849 2260 1993 2298 Palmae
2008 2269 2075 2298 ra·

1187 2319 1276 2403 {¹⁰⁸
1305 2320 1379 2358 pro
1409 2313 1543 2359 scopis
1568 2311 1809 2352 adhibebant
1840 2312 1893 2352 ad
1921 2322 2079 2352 verren-

1218 2372 1299 2402 um.

1242 2419 1309 2454 et.
1338 2413 1393 2452 Et
1414 2414 1573 2465 tyrias,
1608 2419 1689 2454 etc.
1719 2420 1769 2455 Et
1788 2417 1935 2456 toralia
1958 2416 2081 2458 illuto

1188 2469 1435 2508 circumdare
1453 2471 1624 2506 vestibus
1650 2470 1777 2514 tyriis.
1807 2467 1982 2508 Tor-azia
2011 2481 2081 2510 vo·

1187 2523 1381 2560 cabantur
1405 2521 1461 2556 illl
1480 2522 1601 2566 panni
1635 2521 1791 2558 viliores
1812 2523 1957 2568 quibus
1976 2533 2081 2569 quo·

1187 2573 1283 2612 tidie
1316 2573 1441 2610 lectus
1469 2573 1719 2610 sternebatur
1752 2586 1763 2609 ε
1793 2577 1951 2621 vestes,
1984 2587 2082 2620 qua

1186 2625 1371 2668 stragulae
1406 2624 1658 2668 dicebantur,
1685 2628 1800 2662 erant
1838 2627 1963 2671 panni
1991 2630 2078 2666 ele—

1186 2678 1405 2722 gantiores,
1442 2677 1587 2720 quibus
1611 2679 1652 2714 in
1680 2678 1908 2716 solennibus
1934 2683 2078 2718 convi-

1186 2731 1258 2769 viis
1273 2729 1390 2766 iidem
1402 2731 1676 2766 sternebantur
1693 2731 1801 2768 lecti.

1240 2785 1308 2820 8⁸⁵.
1348 2778 1531 2820 Oblitum
1578 2787 1735 2830 quanto
1752 2811 1766 2831 ,
1802 2787 1887 2822 ete.
1932 2785 2083 2825 sensus

1185 2837 1248 2872 est
1269 2846 1280 2869 ε
1302 2843 1383 2872 non
1411 2837 1651 2880 cogitantem
1675 2845 1746 2882 ea,
1770 2846 1860 2883 quae
1880 2837 1932 2875 ad
1958 2845 2077 2876 mun·

1188 2888 1324 2925 ditiem
1357 2892 1559 2934 spectant,
1600 2897 1683 2935 quo
1710 2891 1907 2928 minorem
1938 2899 2079 2930 curam

1186 2945 1228 2980 et
1243 2946 1447 2988 sumptum
1475 2943 1703 2988 requirnnt,
1724 2944 1766 2980 iu
1786 2953 1837 2980 eo
1854 2946 2050 2992 majorem
2064 2972 2076 2992 ,

1186 2995 1223 3033 si
1252 2995 1502 3040 negligantur
1521 3023 1530 3041 ,
1570 2997 1915 3042 reprehensionem
1942 2997 2079 3034 incur-

1188 3056 1299 3093 rere,
1341 3057 1462 3092 quam
1488 3049 1521 3085 si
1546 3048 1679 3085 desint
1698 3049 1767 3086 illa
1790 3050 2077 3095 pretiosissima

1185 3101 1393 3146 epularum
1411 3107 1554 3146 genera
1566 3127 1577 3144 ‚
1612 3109 1701 3145 qno
1718 3110 1799 3138 nou
1824 3102 1902 3140 nisi
1922 3103 1965 3140 in
1980 3103 2081 3140 diri·

1188 3156 1275 3191 tum
1296 3155 1442 3190 mensis
1459 3154 1609 3198 apponi
1624 3156 1787 3197 queant.

1242 3210 1310 3244 89.
1354 3204 1574 3244 Auditum.
1618 3206 1679 3244 ad
1714 3206 1937 3246 audiendos
1985 3207 2081 3246 ilios

1186 3261 1279 3296 tuos
1296 3259 1519 3301 magistros.

1244 3315 1310 3350 91.
1346 3309 1437 3348 Non
1470 3315 1633 3360 tament,
1670 3315 1754 3350 ete.
1794 3313 1880 3350 Non
1911 3312 2079 3358 perinde

1187 3365 1285 3402 mibi
1314 3365 1506 3410 prodesse
1532 3365 1684 3411 poteris
1716 3365 1949 3410 explicando
1978 3366 2103 3403 mibi-

1187 3417 1259 3456 tlla
1286 3417 1517 3460 memoriter
1549 3417 1777 3465 interpretis
1804 3425 1943 3466 nore,
1974 3423 2023 3458 ae
2038 3419 2079 3456 st
