2317 3850
945 104 1172 149 obsitum
1210 102 1365 145 uben
1406 102 1491 144 in.

571 185 794 244 Cervice
821 182 1051 252 pendet,
1085 194 1197 237 non
1218 178 1409 234 sieulae
1434 177 1605 245 dapes

714 254 944 311 Dulcem
967 250 1336 307 elaborabunt
1368 260 1653 317 saporem3

325 325 400 386 20

787 326 912 381 Non
942 323 1121 379 avium
1154 320 1494 387 citharaeque
1522 322 1719 371 cantus

573 397 836 454 Somnum
867 396 1150 450 reducent.
1181 392 1425 446 Somnus
1453 386 1755 457 agrestium

576 468 746 524 Lenis
773 466 1018 521 virorum
1038 474 1150 517 non
1186 459 1426 515 humiles
1455 459 1650 529 domos

723 536 990 600 Fastidit,
1021 530 1453 597 umbrosamque
1482 529 1690 596 ripam3

791 607 916 662 Non
939 601 1211 673 Zephyris
1234 600 1441 669 agitata
1464 599 1692 667 Tempe.

333 676 405 737 25

581 676 1000 733 Desiderantem
1024 672 1173 743 quod
1202 671 1340 727 satis
1368 675 1483 735 est,
1511 682 1693 739 neque

579 747 1007 804 Tumultuosum
1035 742 1305 799 sollicitat
1330 752 1477 795 mare
1494 781 1508 806 ,

722 817 835 873 Nec
862 829 1044 871 saevus
1067 811 1292 869 Arcturi
1320 809 1572 866 cadentis

794 887 1070 955 ImpetuS,
1103 890 1200 938 aut
1224 882 1461 937 orientis
1482 878 1681 935 Hoedie

583 960 708 1015 Non
737 958 1038 1013 verberatae
1065 954 1339 1025 grandine
1363 952 1563 1013 vineae;

579 1028 925 1097 Fundusque
955 1026 1218 1091 mendax,

1249 1024 1445 1078 arbore
1477 1034 1625 1076 nunc
1644 1032 1819 1091 aquas

723 1098 1031 1169 culpante,
1059 1110 1210 1151 nune
1238 1093 1509 1149 torrentia
1538 1103 1703 1162 agros

797 1171 1024 1231 Sidera,
1056 1181 1205 1222 nune
1230 1164 1440 1219 hiemes
1468 1162 1715 1229 iniquas.
1786 1160 1791 1167 ’

588 1240 888 1298 Contracta
913 1240 1094 1309 pisces
1118 1249 1343 1306 aequora
1373 1234 1653 1297 sentiunt,

587 1312 765 1369 Jactis
790 1312 846 1366 in
874 1312 1048 1367 altum
1077 1308 1360 1364 molibus:
1394 1305 1503 1359 buc
1527 1302 1791 1371 frequens

339 1383 411 1445 35

727 1384 1005 1440 Caementa
1033 1378 1281 1435 demittit
1304 1376 1619 1443 redemptor

803 1454 944 1510 Cum
970 1450 1199 1506 famulis
1213 1491 1225 1513 ‚

1256 1446 1633 1513 dominusque
1660 1447 1824 1499 terrae

587 1523 968 1583 Fastiiliosu53
1001 1520 1097 1574 sed
1123 1520 1291 1573 timor
1311 1522 1368 1570 et
1396 1516 1559 1569 minae

591 1594 879 1651 scandunt
903 1592 1091 1647 eodem
1119 1602 1233 1656 quo
1262 1586 1554 1652 dominus3
1584 1595 1765 1651 neque

732 1662 962 1717 Decedit
987 1662 1154 1715 aerata
1180 1656 1429 1719 triremi,
1460 1658 1516 1708 et

345 1734 416 1793 40

801 1732 939 1787 Post
967 1729 1208 1799 equitem
1238 1725 1390 1781 sedet
1413 1730 1535 1779 atra
1562 1736 1715 1780 cura.

308 1897 514 1937 historiam
547 1895 759 1934 Demociis.
784 1896 878 1932 Erat
898 1892 964 1931 ille
993 1892 1195 1938 Dionysii,
1250 1890 1373 1928 modo
1393 1890 1432 1927 in
1452 1898 1578 1935 aquas
1608 1892 1650 1927 et
1676 1888 1820 1927 imbres
1838 1885 1999 1931 nimios,
2020 1884 2158 1922 modo

311 1951 452 1990 Siciliae
482 1949 658 1996 tyranni,
690 1947 842 1984 aulicus
875 1949 915 1984 et
950 1948 1193 1991 assentator3

309 2005 425 2050 cujus
455 2012 578 2047 quum
609 2001 836 2038 felicitatem
863 2002 902 2036 et
927 1999 1199 2036 conditionem

309 2059 454 2102 proeter
481 2055 645 2091 modum
671 2053 872 2097 laudaret,
899 2053 1132 2098 Dionysius,
1156 2056 1201 2089 ut

310 2117 404 2145 eum
431 2109 664 2152 dedeceret,
687 2106 804 2151 iussit
827 2107 1024 2143 bominem
1045 2115 1202 2142 accum-

311 2161 405 2198 bere
427 2162 477 2198 ad
497 2161 644 2206 regiam
661 2167 858 2204 mensem3
879 2159 947 2196 sed
961 2167 1080 2204 supra
1096 2159 1202 2196 illins

312 2217 577 2260 cenetensem
593 2213 762 2258 nudum,
785 2213 931 2258 equina
951 2215 1036 2250 seta
1055 2221 1203 2258 eppen-

313 2277 420 2314 sum,
454 2267 606 2305 demitti
636 2267 762 2304 voluit
783 2277 793 2300 =
818 2275 900 2311 quo
921 2269 1028 2303 metu
1057 2269 1199 2304 Damo-

311 2321 393 2358 cles
420 2321 476 2358 ita
517 2321 762 2358 exanimatus
800 2323 881 2367 est,
927 2323 973 2357 ut
1006 2328 1056 2356 ne
1093 2321 1204 2358 cibos

311 2374 474 2420 quidem
491 2375 692 2418 attigerit..

369 2429 435 2464 18.
465 2425 604 2476 Impia
621 2424 803 2464 cervice.
821 2429 876 2464 De
890 2427 1056 2465 scelesto
1075 2426 1207 2472 ioqui-

315 2481 380 2516 tur
402 2489 521 2525 quem
543 2483 703 2518 turbant
723 2484 909 2518 terrores.

321 2586 349 2624 b
371 2536 436 2570 19.
463 2531 758 2572 Elatum-abunt.
785 2534 984 2580 Efficient,
1013 2541 1203 2579 provoca·

351 2590 436 2625 unt.

371 2643 436 2678 21.
469 2635 693 2678 Reducem.
713 2643 837 2687 Quem
867 2643 994 2677 metus
1025 2635 1201 2674 abstulit.

371 2695 437 2730 24.
468 2691 633 2740 Tempe.
647 2694 853 2732 Thessali·
870 2692 980 2730 vellis
994 2718 1004 2735 ,
1023 2697 1096 2734 pro
1111 2696 1209 2731 (lua-

316 2745 374 2782 vis
398 2745 496 2784 valle
517 2755 685 2784 emoena.

373 2801 439 2836 ²6.
487 2796 724 2845 Sollicitat,
755 2802 834 2836 etc.
866 2797 950 2832 Non
981 2791 1138 2829 anxium
1168 2793 1209 2827 et

317 2851 530 2890 sollicitum
551 2854 680 2890 reddit
696 2859 814 2889 mare.
827 2846 1104 2893 procellosum,
1125 2851 1207 2880 ¹¹0¹!

320 2907 468 2942 terrent
495 2907 680 2950 procellae
691 2931 702 2950 ,
726 2903 820 2948 quia
839 2907 920 2935 non
934 2906 975 2932 se
994 2895 1209 2932 committit

318 2959 552 3004 periculosae
569 2953 830 3001 navigationi,
846 2949 943 2985 lucri
962 2956 1098 2985 causa.

375 3015 441 3050 27.
487 3009 674 3048 Arcturi.
713 3010 778 3044 nst
821 3004 1009 3040 Arcturus
1051 3002 1209 3045 signum

318 3064 458 3104 Ursam
477 3069 722 3106 consequens
735 3087 744 3102 ,
761 3059 802 3094 et
820 3055 932 3100 quasi
947 3057 1034 3102 ejus
1055 3058 1205 3094 custos.

375 3121 442 3155 28.
473 3112 609 3153 Hoedi.
643 3112 790 3151 noedus
812 3109 963 3152 gemina
989 3107 1102 3146 stelle
1123 3112 1205 3157 est,

321 3169 362 3208 ln
379 3171 535 3208 sinistre
547 3175 666 3203 manu
682 3165 834 3208 Aurigae
853 3163 932 3199 sive
949 3163 1207 3200 Erichthonii.

320 3225 450 3270 Quum
467 3221 580 3259 noedl
599 3219 794 3262 oriuntur,
813 3225 976 3260 magnas
992 3217 1097 3253 cient
1113 3225 1206 3262 pro·

321 3277 462 3318 cellas;
479 3276 524 3310 ut
542 3274 728 3310 Arcturus
742 3301 751 3317 ,
773 3279 894 3316 quum
913 3269 1072 3306 oceidit.

378 3332 442 3364 30.
470 3323 670 3362 Mendax.
689 3324 836 3362 Sterilis
855 3334 866 3358 e
891 3324 958 3368 qui
981 3332 1089 3368 spem
1111 3323 1210 3366 agri-

321 3380 420 3416 colae
439 3379 553 3414 fallit.
583 3397 630 3404 —
666 3375 842 3424 Arbore,
877 3380 956 3414 etc.
995 3377 1209 3419 Arboribus

322 3429 540 3470 eternitatis
571 3437 653 3467 sum
691 3430 849 3476 cuipam
890 3429 1205 3474 conterentibus,

1254 1944 1293 1981 ln
1306 1943 1473 1989 calores,
1491 1945 1541 1982 eb
1552 1944 1745 1981 sideribus
1759 1950 1874 1986 agros
1888 1940 2131 1977 torrentibus
2140 1967 2151 1983 ‚

1253 1998 1294 2034 id
1322 1999 1403 2043 est,
1434 1999 1658 2044 urentibus,
1688 1995 1889 2042 protectos
1908 2021 1918 2039 ,
1951 1993 2076 2029 modo
2110 1992 2157 2029 in

1255 2052 1403 2089 hiemes
1424 2060 1598 2096 asperas.

1310 2107 1377 2142 83.
1404 2101 1652 2149 Contracta,
1680 2104 1761 2138 etc.
1796 2102 1892 2146 Quae
1910 2126 1919 2144 ,
1941 2098 1994 2136 ob
2016 2097 2156 2143 iactas

1256 2158 1295 2194 in
1323 2166 1431 2196 mare
1458 2158 1607 2201 moles,
1634 2154 1860 2198 angustiora
1894 2151 2001 2188 fecta
2037 2153 2151 2186 sunt.

1258 2213 1481 2258 Queruntur
1501 2212 1647 2257 pisces,
1667 2208 1773 2253 quod
1793 2215 1862 2242 sus
1883 2212 2003 2248 regna
2020 2203 2158 2239 homi-

1258 2273 1327 2302 nes
1362 2267 1575 2311 usurpent,
1614 2266 1691 2300 etc.
1738 2261 1807 2298 Est
1840 2260 1974 2296 antem
2018 2254 2159 2293 moles

1258 2319 1339 2364 pila
1360 2326 1491 2355 saxea.

1315 2375 1379 2410 sb.
1408 2369 1516 2407 Huc.
1531 2371 1573 2405 in
1589 2367 1714 2404 altum
1729 2373 1851 2402 mere.
1862 2381 1919 2392 -
1937 2359 2159 2409 Frequens

1260 2433 1357 2462 cum
1372 2419 1559 2471 famulis.
1581 2423 1655 2455 Pro
1675 2426 1764 2454 cum
1784 2417 1989 2459 frequente
2017 2414 2153 2452 tamu-

1260 2478 1389 2514 lorum
1410 2475 1537 2509 turba.

1316 2531 1380 2564 35,
1433 2522 1662 2560 Coementa.
1714 2518 1906 2564 Lepidum
1956 2527 2157 2558 cesorum

1260 2580 1499 2623 fragmenta,
1540 2574 1653 2611 rudia
1691 2578 1745 2626 et-
1768 2573 1963 2618 inpolita.
1986 2591 2039 2600 -
2074 2569 2153 2609 ne-

1261 2630 1465 2679 dempcor.
1486 2629 1559 2674 Qui
1585 2635 1687 2671 opus
1719 2627 1884 2671 aliquod
1923 2625 2157 2663 iaciendum

1260 2692 1296 2720 v.
1327 2691 1365 2726 s.
1389 2682 1574 2725 domum,
1606 2689 1810 2726 aggerem,
1840 2688 1915 2717 suo
1940 2677 2121 2722 periculo
2139 2705 2149 2722 ,

1260 2740 1367 2772 certa
1396 2734 1574 2771 mercede
1606 2739 1724 2780 nacta
1752 2733 1958 2776 conducit,
1978 2731 2019 2765 et
2045 2727 2089 2764 in
2108 2738 2158 2766 so

1261 2789 1415 2834 recipit.

1318 2845 1383 2878 36.
1420 2839 1635 2879 Dominus.
1673 2843 1797 2878 Herus
1832 2835 1997 2882 uliquis,
2028 2835 2155 2872 bomo

1262 2895 1403 2932 nobilis
1409 2914 1474 2931 .—
1487 2893 1632 2932 Terroe
1644 2891 1901 2943 fastidiosus.
1914 2888 1985 2932 Qui
2002 2887 2159 2925 fastidit

1262 2950 1409 2985 terram
1421 2950 1699 2985 continentem,
1711 2947 1752 2980 et
1772 2943 1807 2977 in
1820 2941 1968 2981 littore,
1980 2938 2021 2974 in
2034 2942 2153 2987 mari,

1262 3001 1369 3038 mdes
1400 3001 1564 3038 exstruit
1578 3025 1588 3042 ,
1611 2998 1725 3034 terris
1748 3002 1825 3030 non
1846 2993 2069 3028 contentus.

1319 3057 1385 3090 87.
1408 3051 1545 3090 Mina.
1561 3051 1729 3088 limaces
1746 3045 1951 3088 imagines.

1315 3107 1383 3144 88.
1404 3102 1640 3147 Scandunt,
1664 3105 1742 3139 etc.
1763 3098 1951 3136 Eumdem
1964 3098 2005 3135 in
2018 3098 2155 3136 iocum

1263 3159 1511 3199 ascendunt:
1550 3157 1591 3192 in
1612 3155 1712 3192 mari
1732 3162 1815 3192 non
1849 3153 2003 3198 minus,
2032 3161 2157 3197 quam

1264 3215 1305 3253 in
1326 3213 1440 3251 terris
1460 3211 1620 3249 adsunt.

1321 3268 1385 3305 ³⁹.
1415 3261 1605 3303 Decedit.
1636 3261 1858 3307 nemim-st,
1884 3257 2071 3296 abscedit.
2101 3275 2159 3286 —

1264 3318 1432 3359 AEraea.
1453 3319 1627 3356 Habente
1649 3320 1821 3353 rostrum
1840 3320 2003 3350 areum.

1321 3377 1387 3412 100.
1416 3371 1513 3410 Post
1540 3369 1739 3419 equitem.
1770 3371 1815 3405 in
1846 3366 1989 3402 eodem
2017 3371 2156 3409 equo,

1266 3435 1356 3466 cum
1375 3427 1531 3474 equite,
1552 3433 1577 3462 a
1602 3426 1714 3467 tergo
1740 3419 1883 3467 equitis
1908 3417 2049 3454 boeret.
