2317 3850
138 46 302 179 gli}
740 184 747 192 ,
806 134 1069 184 Armua
1102 136 1172 182 DE
1211 134 1319 181 Dus

149 208 341 261 belluis
354 209 498 259 mixti
517 217 637 261 sunt
661 226 674 260 ε
700 211 873 275 itaque
902 226 1123 275 superne
1146 212 1394 270 hominis,
1410 213 1605 264 inferne
1623 215 1836 277 pecudis
1859 228 1984 281 spe·

152 275 285 326 ciem
300 276 533 339 gerebat.
554 274 791 327 Fistulam
805 277 1115 341 gestabatad
1136 276 1528 341 significandum
1546 279 1764 342 partium
1779 282 1982 341 mundi,

154 340 442 392 'uncturum
476 342 612 392 inter
644 356 762 393 sese
798 344 979 394 ordine
1016 344 1387 406 pulcherrimo,
1430 353 1756 397 concentum.
1798 349 1988 401 Narrat

114 416 117 421 ·
190 406 451 464 ansanias‚
481 421 641 471 quum
679 408 836 467 Galli,
875 409 1076 459 Brenno
1105 410 1270 468 duce,
1308 410 1549 461 Graeciam
1582 420 1977 474 percursanteS.

150 474 404 536 templum
430 473 721 536 delphicum
750 480 991 537 pararent
1010 475 1258 538 spoliare,
1282 477 1524 538 injectum
1549 476 1651 527 illis
1677 491 1707 528 a
1730 478 1862 531 Pane
1880 480 1983 532 im-

150 539 415 603 provisum
432 545 685 591 terrorem
702 578 714 598 .
736 554 841 603 quo
860 541 1093 603 percussi
1111 554 1292 592 omnes
1309 542 1479 603 sugam
1501 542 1830 606 arripuerint.
1854 546 1982 597 lnde

150 610 324 655 natum
344 644 357 663 ‚
380 610 439 655 ut
456 611 626 657 terror
642 606 749 655 sine
771 618 925 655 eausa
956 614 1230 670 susceptus
1259 608 1468 670 panicus
1495 610 1803 671 appelletur.
1829 611 1985 663 Pales

151 668 488 722 invocabatur
518 684 547 721 a
578 672 906 735 pastoribus:
942 672 1178 723 eamdem
1213 687 1274 723 ae
1303 674 1491 737 Cybele
1523 687 1638 725 esse
1677 677 1975 738 putabatur.

150 736 275 798 Ejus
310 736 437 787 festa
465 737 641 787 Palilia
672 738 1067 788 celebrabantur
1096 738 1245 805 aprili
1267 744 1508 789 exeunte.
1535 740 1739 790 Faunus
1763 756 1984 806 quoque

151 800 285 860 Pici,
317 802 609 853 Latinorum
637 802 802 865 regis,
844 803 1011 860 filius,
1042 804 1095 853 in
1130 805 1413 866 agrestium
1455 804 1674 855 deorum
1703 820 1981 861 numerum

148 868 389 919 veniebat
403 907 416 926 ‚
448 870 569 933 quia
600 869 761 921 multa
797 869 1048 920 docuerat
1085 869 1318 922 homines
1355 871 1422 922 ad
1457 871 1788 935 agriculturae
1822 886 1980 925 usum

150 934 456 996 spectantia.

162 1018 167 1021 ·
216 999 438 1051 Pomona
456 998 932 1059 fruetuum;1·'lora.
954 1012 1051 1051 seu
1076 1002 1273 1054 Chloris
1287 1040 1300 1059 .
1323 1002 1510 1053 florum
1535 1001 1754 1066 gerebat
1771 1014 1974 1055 curam.

150 1062 281 1115 Ludi
315 1066 432 1131 ejus
465 1066 517 1115 in
548 1065 799 1117 honorem
835 1066 1085 1117 celebrati
1119 1068 1436 1119 vocabantur
1470 1068 1716 1125 Floralia,
1759 1073 1814 1117 et
1847 1071 1976 1123 tuba

148 1130 528 1181 indicebantur.
544 1131 800 1183 Praeterea
826 1146 976 1183 snum
1000 1135 1218 1195 singulis
1239 1133 1486 1191 fontibus,
1503 1133 1688 1189 fluviis,
1711 1132 1978 1194 domibus.

148 1195 457 1255 bominibus,
480 1197 634 1249 deum
650 1198 992 1262 assignabant.
1016 1198 1290 1252 Domestlci
1304 1200 1374 1249 dii
1393 1201 1564 1257 Lares,
1590 1200 1702 1250 sive
1718 1198 1938 1251 Penates
1955 1240 1972 1261 ‚

149 1263 556 1326 appellabantur.
600 1264 755 1315 Lares
806 1265 1039 1315 vicorum
1088 1265 1246 1315 etiam
1263 1304 1278 1323 ,
1329 1265 1674 1327 itinerumque
1724 1266 1981 1328 praesides

151 1337 300 1379 erant
320 1331 525 1395 :itaque
552 1330 606 1380 in
626 1330 751 1381 vicis
778 1336 830 1379 et
847 1330 1082 1394 compitis
1107 1332 1432 1388 colebantur,
1457 1337 1512 1381 et
1535 1330 1688 1388 ludis.
1710 1330 1761 1380 in
1790 1344 1977 1383 eorum

148 1393 399 1446 bonorem
424 1396 699 1447 celebratis
720 1435 733 1454 ,
760 1396 1114 1459 Compitalitiis
1150 1409 1339 1447 nomen
1375 1403 1504 1447 erat.
1534 1397 1674 1446 Tunc
1707 1396 1977 1449 bominum

150 1461 345 1525 effigies
371 1475 402 1513 e
423 1463 538 1512 lana
558 1501 570 1520 ‚
597 1468 841 1525 tanquam
864 1462 1081 1513 victimae
1108 1463 1422 1525 piaculares,
1446 1461 1894 1526 suspendebantur
1919 1464 1977 1515 in

148 1528 415 1591 compitis,
443 1528 863 1589 rogabantur-qne
889 1529 1075 1583 Lares.
1107 1534 1167 1577 ut
1199 1528 1251 1579 in
1293 1528 1401 1578 haee
1439 1529 1711 1579 simulacra
1751 1529 1881 1579 iram
1916 1536 1980 1582 et

149 1604 329 1655 poenas
362 1590 689 1643 effunderent
710 1631 722 1650 ,
762 1594 806 1641 si
842 1606 971 1655 quas
1006 1594 1213 1657 ipsimet
1253 1594 1488 1644 homines
1521 1594 1969 1645 commeruissem.

150 1660 316 1717 Quum
331 1659 501 1709 bullas
518 1660 666 1721 pueri
684 1659 1037 1721 deponebant.
1061 1670 1149 1709 eas
1169 1660 1382 1711 Laribus
1403 1661 1786 1710 consecrabant.
1807 1660 1974 1711 canes

147 1720 251 1775 illis
279 1730 425 1777 erant
452 1724 631 1781 dicati.
658 1724 843 1774 animal
876 1724 1211 1775 domesticum
1246 1730 1300 1777 et
1335 1725 1523 1777 fidele:
1556 1726 1757 1789 ipsique
1785 1725 1972 1776 canina

145 1790 287 1855 pelle
312 1789 679 1841 vestiebantur.
713 1792 879 1840 Locus
911 1791 1124 1841 Laribus
1153 1791 1294 1842 domi
1321 1804 1486 1849 sacer,
1521 1793 1801 1843 vocabatur
1835 1791 1972 1841 lara-

145 1856 301 1907 rium.
336 1855 497 1909 iidem
532 1855 783 1919 praestites
816 1857 1224 1916 nominabantur.
1266 1858 1411 1921 quasi
1447 1856 1538 1921 qui
1577 1858 1736 1910 multa
1767 1857 1978 1909 familiis

145 1921 415 1975 commoda
442 1929 761 1988 praestarent.
800 1923 1074 1988 Proprium
1102 1924 1357 1987 cujusque
1393 1924 1610 1975 hominis
1635 1937 1853 1982 numen.
1876 1937 1972 1988 ge·

144 1991 288 2042 nium
320 1989 570 2040 vocabant
587 2029 600 2047 ‚
631 2003 855 2053 eumque
888 1991 1041 2040 simul
1070 2003 1187 2041 cum
1236 2003 1554 2054 unoquoque
1581 1991 1722 2042 nasei
1757 1997 1810 2041 et
1835 1993 1974 2042 mori

144 2054 545 2106 arbitrabantur.
574 2056 835 2118 Duplicem
864 2056 1159 2108 statuebant
1183 2057 1390 2118 genium
1407 2096 1419 2114 ‚
1446 2058 1666 2108 alterum
1695 2056 1972 2108 candidum

144 2121 447 2180 etrelieen13
466 2121 687 2172 alterum
706 2121 908 2186 nigrum
926 2128 981 2173 et
1002 2122 1278 2181 sinistrum,
1299 2122 1450 2186 quisi
1470 2124 1590 2173 albo
1611 2129 1751 2174 esset
1765 2122 1969 2182 fortior,

143 2187 383 2238 omnibus
400 2187 690 2238 infortuniis
716 2189 960 2238 miserum
984 2188 1244 2240 hominem
1264 2190 1399 2239 male
1423 2189 1723 2240 mulctabat.
1743 2189 1976 2239 Femina·

142 2265 260 2304 rum
293 2253 471 2316 genios
504 2255 831 2316 appellabant
859 2255 1105 2306 iunones.
1147 2258 1368 2318 Serpens
1413 2255 1566 2318 genio
1597 2255 1798 2305 dicatus
1833 2261 1970 2305 erat.

142 2317 329 2370 Rerum
364 2319 699 2370 humanarum
738 2319 898 2370 veluti
936 2322 1137 2370 clavum
1175 2321 1544 2371 moderabatur
1578 2321 1797 2370 Fortuna
1816 2357 1829 2376 ,
1869 2320 1972 2372 dea

141 2397 275 2435 caeca
295 2424 308 2444 ,
334 2393 461 2436 rotae
490 2385 716 2438 insidens
746 2386 995 2445 volubili,
1031 2392 1086 2437 et
1114 2386 1170 2435 in
1200 2387 1310 2437 sola
1343 2386 1680 2436 inconstantia
1705 2389 1968 2436 constans.

142 2449 271 2501 Huic
322 2452 540 2504 maxime
592 2453 979 2516 supplicabant,
1029 2451 1184 2514 elque
1223 2452 1361 2502 varia
1413 2451 1632 2502 diversis
1671 2448 1972 2500 nominibus

140 2517 331 2580 templa
358 2518 523 2582 posita
547 2519 896 2582 reperiuntur.
934 2519 983 2567 Si
1021 2517 1138 2580 quis
1169 2515 1372 2567 fortuna
1405 2515 1631 2565 secunda
1665 2519 1721 2564 et
1759 2512 1970 2565 favente

138 2581 461 2642 abuteretur,
499 2585 637 2634 hune
669 2585 928 2648 plectebat
960 2581 1219 2635 Nemesis.
1257 2589 1311 2632 et
1351 2581 1585 2642 indignos
1625 2580 1969 2643 ingratosque

138 2645 504 2700 ulcis-(ebatur.
526 2650 747 2701 inditum
766 2649 821 2700 id
838 2649 919 2699 illi
940 2661 1129 2698 nomen
1150 2660 1182 2695 a
1197 2657 1326 2697 voce
1346 2657 1511 2708 graeca
1527 2683 1540 2702 ,
1563 2658 1681 2708 quae
1710 2644 1972 2708 significat

139 2712 480 2774 distribuere,
511 2717 631 2779 qnia
668 2729 845 2780 poenas
871 2721 925 2764 et
951 2712 1159 2776 praemia
1185 2711 1464 2773 unicuique
1491 2711 1650 2761 veluti
1676 2711 1962 2763 dividebat.

139 2778 280 2831 Dicta
298 2793 510 2844 quoque
526 2779 719 2845 {egitur
737 2782 1021 2836 Adrastaea3
1044 2778 1128 2828 vel
1146 2777 1214 2826 ab
1230 2777 1444 2828 Adrasto
1459 2785 1617 2841 a-rege
1637 2778 1965 2842 Argivorum,

138 2845 229 2914 qni
256 2846 455 2912 primus
476 2859 616 2898 aram
640 2848 715 2898 illi
735 2845 987 2901 condidit;
1010 2844 1095 2893 vel
1120 2842 1262 2904 quod
1289 2855 1439 2893 nemo
1463 2843 1604 2893 illam
1632 2849 1811 2907 posset
1830 2843 1966 2894 effn-

136 2923 288 2974 gere‚
319 2920 380 2963 ut
402 2927 503 2966 vox
523 2926 691 2977 graeca
713 2918 860 2964 sonat
882 2926 895 2960 z
927 2909 1240 2960 Rhamnunte
1269 2910 1462 2974 (pagus
1477 2910 1652 2960 Attieae
1671 2910 1800 2972 fuit)
1829 2921 1965 2972 prae·

134 2977 287 3042 cipue
312 2981 598 3034 colebatur.
630 2979 757 3028 Hine
778 2975 1083 3027 Rhamnusia
1100 2982 1316 3026 vocatur
1341 2989 1370 3026 a
1396 2975 1580 3040 poetis.
1605 2976 1799 3027 Alatam
1823 2975 1969 3026 exhi-

134 3041 359 3103 bebant.
403 3046 465 3098 ad
509 3041 888 3107 significandam
928 3041 1252 3092 celeritatem
1279 3055 1548 3106 poenarum
1567 3081 1580 3101 .
1619 3055 1739 3106 quae
1775 3041 1967 3104 impios

134 3119 237 3161 non
266 3111 414 3162 tardo
448 3109 581 3174 pede
606 3112 997 3172 consequuntur
1024 3123 1037 3157 ι
1067 3107 1376 3159 insidentem
1402 3115 1565 3165 rotae,-
1591 3116 1660 3159 ut·
1673 3106 1968 3158 indicarent

134 3188 247 3228 eam
274 3172 669 3227 vicissitudinem
690 3212 703 3232 ‚
732 3188 835 3238 qua
858 3173 1061 3238 delictis
1086 3186 1255 3237 poenae
1277 3173 1620 3238 respondent,
1648 3173 1820 3235 iisque
1841 3185 1964 3224 suc-

132 3242 341 3293 cedunt.
361 3243 415 3292 ln
430 3241 647 3292 deorum
664 3241 817 3304 etiam
834 3237 1107 3292 numerum
1126 3239 1488 3292 reserebantur
1499 3241 1611 3290 Nox
1637 3245 1692 3290 et
1717 3239 1957 3294 Somnus.

130 3306 263 3422 git-lea
264 3306 554 3370 Morpheus.
586 3307 661 3359 Ex
680 3312 905 3376 utroque
929 3306 1134 3371 genitus
1161 3307 1358 3358 Momus
1379 3306 1506 3358 ludo
1522 3306 1762 3368 jocisque
1782 3305 1964 3368 praesi-

166 3383 196 3421 e
266 3375 303 3421 t.

148 3431 153 3439 “
195 3436 363 3488 Posita
386 3449 598 3503 quoque
622 3439 814 3507 templa
831 3439 1130 3492 visebantur
1155 3436 1314 3490 variis
1335 3436 1596 3489 scelerum
1614 3433 1883 3493 monstris.
1905 3441 1968 3484 et

2292 3117 2293 3142 ⁴⁴
2283 2647 2300 3034 -Δ-’ᾓ-Ἇύᾼ
