2317 3850
269 62 378 127 188

895 77 1205 122 summum
1239 78 1395 122 mian
1432 80 1474 123 i.

411 155 504 213 Me
533 159 856 213 satureiano
874 156 1082 211 vectari
1111 169 1243 211 rura
1261 170 1325 211 ca
1366 156 1509 224 allo;

307 223 382 286 60
417 227 559 295 Sed,
584 226 737 297 quod
759 240 940 294 eram,
974 240 1138 283 narro
1164 244 1180 282 ε

1219 151 1521 298 ιεειῃοηᾱοε
1540 270 1555 293 ,
1586 230 1652 284 ut
1676 231 1813 285 tuus
1838 235 1925 287 est
1952 246 2109 305 moS,

411 296 635 354 Pauca:
660 296 833 367 abe03
859 303 916 353 et
939 310 1167 354 revocas
1192 310 1342 355 nono
1366 304 1494 367 post
1516 312 1703 355 mense
1718 341 1732 362 ‚
1757 301 2039 373 jubesque

411 366 557 425 Esse
583 368 643 423 in
669 369 974 424 amicorum
999 381 1254 425 numero.
1282 368 1549 440 Magnum
1570 370 1677 425 hoe
1706 385 1807 443 ego
1828 372 2001 441 duco,

413 437 574 507 Quod
603 439 787 508 placui
820 439 953 506 tibi,
986 440 1087 509 qui
1111 439 1262 511 turpi
1292 441 1538 496 secernis
1564 440 1892 511 honestum,

414 510 542 566 Non
575 516 728 580 patre
760 510 1056 580 praeclaro,
1086 511 1183 567 sed
1211 512 1355 578 yita,
1385 516 1440 565 et
1470 516 1693 582 pectore
1717 527 1878 583 puro.

305 576 377 637 65
413 578 587 649 Atqui
615 582 664 636 si
687 582 845 638 vitiis
863 580 1237 638 mediocribus
1265 594 1328 636 ac
1352 594 1471 637 mea
1495 583 1691 652 paucis

414 650 687 707 Mendosa
714 657 802 708 est
828 658 1061 719 natura,
1097 651 1310 722 alioqui
1336 655 1486 708 recta
1517 652 1690 721 (velut
1714 654 1764 709 si

412 719 657 791 Egi-egio
679 723 967 792 inspersos
990 721 1293 792 reprendas
1320 736 1555 793 corpore
1579 726 1827 795 naevos);

412 790 475 847 Si
501 804 680 861 neque
708 793 1030 860 avaritiam,
1054 806 1233 863 neque
1262 794 1491 861 sordeS‚
1520 798 1619 851 aut
1644 796 1787 850 mala
1818 796 1999 853 instra

410 860 654 933 objiciet
679 876 808 919 vere
831 864 1132 934 quisquam
1159 863 1336 931 mihi3
1364 878 1545 935 purus
1573 870 1629 921 et
1652 866 1879 935 insonS‚

302 927 375 990 'to
409 932 514 1000 (Ut
541 946 627 989 me
654 934 1022 1005 collaudem),
1054 935 1105 991 si
1129 935 1257 992 vivo
1279 950 1446 993 carus
1472 936 1697 1002 amiciS,

411 1004 595 1060 Causa
624 1002 736 1061 fuit
763 1012 920 1073 pater
945 1006 1067 1072 liis;
1099 1006 1198 1077 qui
1223 1019 1409 1063 macro
1438 1020 1649 1077 pauper
1675 1008 1886 1080 agelio,

409 1072 608 1132 Noluit
637 1076 696 1131 in
723 1076 877 1134 Flavi
905 1076 1104 1134 ludum
1128 1090 1215 1133 me
1240 1078 1459 1135 mittere
1481 1098 1495 1142 ;
1527 1078 1713 1151 magni
1916 1092 1919 1099 ·

409 1143 536 1214 Quo
565 1146 753 1216 pueri,
777 1148 996 1219 magnis
1013 1162 1044 1205 e
1080 1148 1507 1206 centurionibus
1527 1150 1636 1205 orti
1651 1190 1667 1216 ,

411 1215 574 1273 Laevo
602 1218 864 1288 suspensi
889 1219 1104 1276 loculos
1141 1219 1501 1291 tabulamque
1529 1220 1765 1285 lacerto,

303 1282 376 1347 75
409 1285 573 1343 Ibant
597 1290 818 1346 octonis
849 1288 1154 1346 referentes
1183 1290 1375 1347 idibus
1399 1304 1539 1356 aera·‚

410 1357 519 1413 Sed
549 1373 781 1427 puerum
811 1365 897 1417 est
924 1376 1096 1418 ausus
1113 1362 1347 1418 Romam
1373 1366 1595 1431 portare
1617 1404 1632 1429 ,
1663 1361 1969 1419 docendum

407 1427 576 1484 Artes
593 1471 608 1496 ,
643 1444 784 1502 quas
805 1432 998 1487 doceat
1021 1433 1212 1502 quivis
1240 1447 1415 1503 eques
1444 1437 1613 1503 atque
1640 1439 1864 1490 senator

409 1498 592 1557 Semet
617 1505 959 1571 prognatos:
988 1507 1198 1559 vestem
1228 1517 1531 1573 servosque
1554 1509 1855 1573 sequentes

409 1567 472 1624 In
501 1584 704 1642 magno
732 1575 798 1627 ut
821 1573 1029 1644 populo
1057 1573 1105 1629 si
1134 1574 1266 1645 quis
1289 1574 1552 1639 vidisset,
1576 1576 1725 1629 avita

301 1636 375 1699 80
409 1639 498 1697 Ex
524 1656 582 1697 re
609 1642 841 1711 praeberi
873 1649 1132 1715 sumptus
1152 1645 1290 1701 mihi
1315 1645 1564 1701 crederet
1589 1644 1743 1700 illos.

408 1710 536 1780 lpse
557 1714 696 1768 mihi
721 1719 914 1770 custos
940 1715 1468 1787 incorruptissimus
1495 1727 1689 1770 omnes

404 1780 632 1838 Circum
663 1784 922 1841 doctores
949 1787 1163 1843 aderat.

1190 1785 1339 1855 Quid
1368 1780 1584 1841 multa?
1618 1786 1880 1855 pudicum

409 1851 549 1921 (Qui
571 1854 789 1923 primus
809 1856 1039 1914 virtutis
1063 1856 1273 1926 honos)
1301 1856 1543 1912 servavit
1568 1856 1637 1911 ab
1663 1857 1816 1913 omni

405 1923 533 1980 Non
560 1924 739 1982 solum
758 1924 936 1995 facto,
968 1942 1158 1985 verum
1184 1927 1487 1997 opprobrio
1515 1942 1739 1998 quoque
1766 1929 1918 2000 turpi
1942 1945 1961 1986 ε

303 1993 378 2056 85
411 1995 526 2051 Nec
553 1996 770 2066 timuit,
805 1999 917 2056 sibi
943 2012 1013 2055 ne
1038 1999 1179 2055 vitio
1206 1999 1339 2068 quis
1363 2003 1637 2069 verteret,
1665 2000 1800 2058 olim

317 2141 383 2177 59.
422 2136 694 2180 Satureiano.
729 2143 962 2180 Satur-ciana
999 2149 1148 2188 pascua

257 2195 374 2230 erant
396 2193 437 2232 iu
455 2195 609 2240 Apulia
625 2199 669 2233 et
693 2195 883 2234 calabria
910 2195 1074 2242 tinibus,
1100 2195 1152 2233 ad

255 2245 397 2338 {2:⁰¹³
413 2249 622 2287 satureum
647 2261 658 2285 2
678 2249 734 2287 ihi
755 2249 849 2293 equi
870 2249 1052 2294 generosi
1069 2248 1151 2286 ale·

338 2302 418 2339 tur.

315 2355 382 2391 eb.
409 2351 500 2392 Non
521 2357 668 2404 patre,
695 2356 776 2392 ete.
797 2354 872 2399 Qui
894 2355 968 2393 tibi
991 2352 1148 2402 placui,

259 2412 342 2442 nou
358 2406 412 2444 oh
426 2414 560 2444 meum
581 2411 736 2456 patrem
759 2406 932 2444 nobilem
944 2436 957 2453 ,
977 2410 1056 2445 etc.

313 2461 379 2498 οὔ.
407 2457 556 2509 Aequi,
587 2465 666 2498 eto.
693 2462 802 2498 licus
829 2463 963 2498 tamen
984 2460 1049 2498 ille
1075 2469 1148 2508 pa-

259 2511 336 2559 ter,
351 2513 530 2559 quamvis
545 2515 700 2550 tautum
717 2512 937 2562 libertinus,
958 2515 1152 2560 praelate

255 2570 322 2602 ne
343 2567 547 2611 educavit,
571 2567 652 2602 eto.

311 2620 380 2657 67.
405 2616 566 2656 Navoa.
587 2617 773 2656 naenias.

313 2672 381 2708 ⁸8.
407 2667 576 2708 Sordes.
591 2669 722 2710 Vitam
743 2673 785 2708 et
800 2679 932 2712 mores
952 2673 1123 2712 incultos
1135 2701 1146 2720 ,

255 2725 453 2770 agrestes,
485 2722 546 2760 vel
575 2723 778 2762 sordidam
805 2727 1074 2766 tenacitatem.
1092 2743 1148 2755 —·

255 2769 428 2815 Lustra.
447 2778 550 2814 Loca
567 2775 780 2816 latebrosa.

312 2831 379 2866 70.
423 2825 474 2868 11ae
503 2837 570 2865 me
604 2828 857 2870 collaudem.
900 2831 1034 2870 Liceat
1059 2830 1146 2867 haec

255 2887 388 2918 meam
402 2881 445 2919 iu
462 2881 620 2919 laudem
637 2892 766 2930 pauca
785 2885 933 2921 dicere.

251 2935 377 3024 aaa.
409 2931 504 2973 His.
540 2935 630 2974 Istis
657 2938 865 2975 virtutibus
891 2937 933 2972 et
965 2932 1144 2971 moribus

309 3043 377 3078 τε.
416 3037 600 3080 Imaum.
629 3041 826 3079 scholam.
856 3040 1032 3077 Docebat
1069 3039 1143 3076 isto

250 3091 407 3132 navius
441 3095 600 3134 venusii
635 3097 762 3130 artem
795 3091 1048 3138 numerandi,
1089 3090 1142 3130 ie·

249 3146 372 3236 gaudi
383 3173 396 3195 ,
413 3149 456 3186 et
471 3145 688 3191 scribendi,
707 3147 786 3183 eto.
813 3162 862 3172 -
881 3141 1044 3194 Magni.
1062 3147 1140 3184 No-

309 3255 377 3292 18.
407 3245 742 3290 oeneus-ioniam.
772 3250 1030 3289 centuriones
1056 3259 1144 3290 ceu·

251 3305 339 3342 tum
385 3304 584 3350 peditibus
623 3308 821 3351 preerant
861 3305 903 3341 in
951 3305 1141 3342 exercitu.

253 3353 460 3400 Sexaginta
473 3358 587 3394 eraut
605 3355 646 3394 in
666 3357 828 3400 singuiis
849 3356 1088 3400 lotionibus.

305 3409 374 3446 τὸ.
401 3404 542 3456 Loevo,
571 3411 653 3448 ato.
685 3411 869 3448 retentes
889 3409 1043 3448 loculos
1059 3436 1072 3457 ‚
1101 3411 1145 3446 et.

1202 2141 1381 2179 tabulam
1397 2169 1409 2189 ,
1433 2141 1593 2179 sinistro
1615 2140 1779 2178 brachio
1796 2146 2090 2184 suspensam.—

1204 2191 1393 2232 Loculos.
1414 2195 1649 2232 crumenam
1664 2222 1674 2239 ‚
1702 2194 1770 2230 ubi
1787 2191 1931 2230 calculi
1952 2193 2005 2231 ad
2026 2201 2097 2232 uu·

1204 2249 1454 2287 morandum.
1486 2266 1535 2277 -
1558 2245 1777 2285 Tabulam.
1800 2249 1846 2284 iu
1862 2254 1943 2291 qua
1959 2247 2092 2286 caicu-

1204 2299 1268 2338 los
1286 2305 1496 2348 ponerent.

1260 2358 1328 2393 τε.
1356 2353 1543 2402 octonis,
1574 2358 1655 2392 etc.
1676 2353 1892 2392 merentes
1920 2359 2023 2399 era,
2050 2351 2095 2389 iii

1202 2410 1264 2445 est
1277 2417 1443 2454 parvum
1459 2407 1700 2454 stipendium
1711 2433 1722 2451 ,
1742 2406 1852 2450 quod
1871 2405 2001 2442 idibus
2028 2413 2096 2443 ou·

1200 2462 1347 2507 jusque
1378 2463 1522 2498 mensis
1555 2459 1827 2501 ludimagistro
1852 2457 2006 2495 solvero
2028 2457 2097 2496 do·

1203 2514 1365 2551 habant.
1393 2531 1440 2540 —
1468 2510 1657 2557 Octom'a,
1682 2513 1761 2548 etc.
1792 2510 1968 2557 Quorum
2000 2515 2097 2549 octo

1200 2569 1293 2604 sunt
1318 2566 1417 2604 dies.

1257 2622 1322 2656 76.
1350 2615 1550 2654 Puerum.
1570 2618 1629 2652 ue
1647 2613 1828 2652 videlicet
1848 2613 1979 2652 adhuc
1994 2623 2099 2662 puc-

1200 2679 1305 2708 rum.
1324 2687 1378 2698 —
1395 2667 1589 2706 Portare.
1604 2665 1821 2703 Deducat-o.

1255 2725 1320 2760 77.
1350 2719 1524 2758 Doceat.
1546 2718 1753 2754 nocendas
1772 2718 1898 2755 curet.

1254 2775 1318 2810 78.
1349 2769 1482 2810 Seme!
1496 2773 1739 2819 proqnatoc.
1760 2773 1815 2808 13¹
1837 2778 1881 2808 so
1902 2767 2061 2816 geniem
2079 2799 2091 2818 ‚

1195 2833 1291 2863 auos
1305 2825 1467 2862 liberos.

1251 2880 1317 2916 79.
1350 2876 1415 2916 Ut.
1439 2877 1548 2915 Adeo
1565 2873 1898 2926 ut.-1nma9no
1914 2874 2091 2926 populo.

1195 2931 1239 2968 in
1261 2929 1455 2977 frequenti
1473 2928 1829 2968 evitata—Avila
1842 2939 1899 2968 ox
1913 2938 1963 2968 re
1972 2957 1985 2979 ,
2004 2934 2089 2970 ato.

1193 2983 1317 3022 Avitis
1333 2985 1519 3023 fortunia.

1252 3040 1317 3076 81.
1351 3037 1458 3088 lpse.
1479 3040 1594 3076 Pater
1609 3044 1737 3074 mous.

1252 3093 1316 3128 82.
1340 3089 1534 3136 circum,
1556 3093 1637 3126 etc.
1662 3089 1754 3126 miii
1768 3118 1777 3135 ,
1799 3097 1965 3136 operam
1977 3089 2089 3129 danti

1197 3145 1395 3190 magistris
1411 3172 1421 3190 ‚
1446 3145 1585 3182 aderat
1604 3149 1795 3188 proteus.

1251 3201 1316 3236 ab.
1364 3193 1594 3246 opprobrio
1608 3221 1622 3241 ,
1667 3197 1748 3234 eto.
1794 3196 1913 3244 'turpi
1963 3195 2087 3233 mma.

1195 3251 1368 3289 Providit
1386 3253 1433 3288 ut
1452 3258 1502 3288 ne
1527 3249 1725 3296 iacerem,
1757 3251 1804 3286 ut
1828 3257 1878 3287 ue
1907 3247 2091 3287 audirem

1196 3304 1315 3343 malo.

1250 3360 1317 3394 85.
1335 3353 1420 3393 Nec
1437 3353 1592 3400 timuit,
1614 3356 1695 3392 etc.
1712 3357 1798 3393 Non
1814 3354 1906 3391 ideo
1923 3361 1987 3390 me
2002 3355 2090 3391 tam

1195 3409 1302 3447 lauta
1328 3411 1443 3454 pater
1468 3407 1652 3447 educavit
1667 3433 1679 3453 ,
1712 3407 1822 3454 quod
1853 3407 2014 3444 timeret
2037 3413 2091 3444 ιιο
