2317 3850
216 0 377 133 g(
896 84 1161 129 Arrnnmx
1199 88 1266 129 DE
1304 86 1411 131 DUS

238 158 484 209 fratribus
505 158 743 223 Neptuno
766 164 821 211 et
848 160 1064 213 Plutone
1094 163 1266 214 divisit
1284 202 1297 221 ,
1328 170 1386 213 ut
1414 163 1512 226 ipsi
1540 163 1780 226 regiones
1809 164 1874 215 ad
1903 170 2053 217 ortum

241 226 381 281 sitae,
424 224 625 275 Plutoni
661 226 877 277 occidua
916 242 1035 291 pars
1064 228 1278 287 insulae,
1319 231 1556 294 Neptuno
1601 230 1838 279 maritimi
1879 235 2055 283 tractus

240 289 535 353 obtigerint.
564 293 691 343 Hinc
710 292 912 355 Jupiter
932 294 1055 345 coeli
1072 334 1085 351 ,
1113 297 1380 358 Neptunus
1406 296 1587 353 mariS,
1617 296 1764 346 Pluto
1789 296 2052 348 inferorum

239 368 335 408 rex
362 370 659 420 numenque
688 358 856 409 dictus
875 367 973 410 est.
996 362 1137 411 Jovis
1160 361 1365 411 nomine
1391 361 1524 424 apud
1547 370 1724 425 poetas
1755 375 1846 413 aer
1877 369 1934 413 ut
1956 364 2054 426 plu·

240 422 429 473 rimum
458 422 793 486 significatur,
818 425 927 476 sive
956 428 1147 477 coelum
1173 442 1185 474 ε
1210 434 1268 477 ut
1294 428 1501 479 nomine
1525 428 1765 483 sunonis,
1793 440 1912 491 quae
1934 430 2056 479 lovis

235 489 453 550 coniux,
484 495 624 540 terra
642 529 654 548 ,
691 491 812 554 quia
838 504 867 541 e
892 493 1027 543 coelo
1045 497 1294 556 terraque
1314 492 1485 543 omnia
1509 493 1808 557 gignuntur.
1832 494 2056 556 Ejusdem

236 554 381 605 Jovis
401 555 539 605 varia
564 562 684 605 sunt
705 556 839 619 apud
859 558 1138 622 scriptores
1167 558 1406 621 profanos
1425 560 1631 609 nomina
1655 576 1667 609 :
1695 560 1806 609 haec
1825 560 2056 623 frequen-

238 619 391 670 tiora.
428 621 674 681 Diespiter
706 627 947 681 vocatur,
976 624 1125 687 quasi
1148 624 1254 675 diei
1287 631 1463 688 pater:
1501 625 1782 681 Feretrius.
1819 625 1899 675 vel
1931 626 2058 689 quod

238 684 417 736 hostes
443 686 649 745 feriret,
673 689 756 738 vel
785 689 925 749 quod
944 690 998 739 in
1016 691 1130 752 ejus
1148 692 1398 753 templum
1419 690 1681 741 ferrentur
1699 692 1867 755 opima
1886 692 2055 754 spolia.

235 752 409 801 Stator
430 752 531 814 (ita
556 759 637 802 est
659 766 688 803 a
714 754 925 805 Romulo
950 756 1170 820 dictus),
1193 756 1335 819 quod
1360 758 1700 807 Romanorum
1724 764 1901 808 contra
1927 758 2056 809 Sabi-

240 830 335 868 nos
355 819 687 880 pugnantium
710 819 880 883 fugam
902 822 1139 874 stiterat:
1167 824 1348 873 Xenius
1369 824 1476 873 sive
1501 822 1802 883 Hospitalis,
1831 823 1953 886 quia
1975 836 2058 887 ge·

238 884 391 935 rebat
449 884 707 948 hospitum
743 898 939 936 curam.
982 888 1171 950 Vejovis
1219 893 1274 938 et
1317 888 1490 940 Vedius
1529 894 1654 938 tunc
1693 889 2056 951 appellabatur,

237 961 401 1012 quum
420 952 700 1011 rogabatur
717 964 781 1001 ne
804 952 927 1014 quid
945 953 1166 1005 inferret
1198 955 1338 1012 mali,
1363 959 1416 1004 et
1436 955 1572 1005 inter
1590 954 1796 1005 sinistra
1815 955 2061 1019 noxiaque

238 1016 451 1065 numina
483 1018 825 1067 censebatur:
857 1018 1003 1070 factae
1032 1034 1186 1071 voces
1207 1022 1319 1071 istae
1351 1028 1474 1070 sunt
1497 1027 1550 1069 et
1577 1020 1934 1083 interjectione
1959 1034 2054 1078 voe,

239 1094 359 1143 quae
393 1082 515 1131 mali
543 1084 725 1131 ominis
753 1090 832 1133 est
850 1122 862 1141 ,
890 1092 945 1135 et
971 1085 1166 1150 duplici
1202 1086 1455 1151 genitivo,
1485 1088 1646 1138 altero
1675 1100 1870 1151 graeco,
1907 1086 2058 1139 altero

239 1146 397 1197 latino
419 1164 432 1197 ε
453 1147 586 1199 Iovis
610 1150 808 1200 scilicet
822 1156 877 1199 et
893 1149 1023 1207 Διός.
1110 1192 1113 1197 .

934 1240 1095 1290 (ΙΑΡστ
1118 1240 1198 1289 IV.
1227 1240 1372 1291 June.

304 1352 455 1409 Juno,
476 1352 617 1403 Jovis
636 1365 786 1403 soror
804 1358 859 1403 et
882 1352 1071 1415 conjux
1085 1390 1098 1409 ,
1124 1349 1462 1402 matrimoniis
1483 1360 1716 1417 praeerat.
1739 1367 1800 1406 ac
1818 1352 2064 1416 partubus

236 1414 459 1470 feliciter
485 1419 737 1469 edendis:
772 1425 989 1482 tumque
1020 1418 1289 1474 Pronuba,
1323 1418 1538 1477 Lucina,
1576 1426 1630 1469 et
1655 1420 1880 1484 ilithyia,
1907 1420 2066 1470 nomi·

236 1484 456 1534 nabatur
484 1485 715 1549 (Metam.
738 1485 828 1535 lib.
856 1485 927 1547 9).
950 1484 1072 1547 Ejus
1100 1484 1204 1534 lilia
1233 1484 1399 1543 Hebe,
1421 1485 1709 1547 juventutis
1737 1489 1831 1537 dea
1851 1521 1864 1540 ‚
1891 1492 2070 1539 nectar

234 1549 352 1600 Jovi
391 1551 588 1601 tamdiu
624 1552 859 1609 miscuit,
900 1550 1023 1599 dum
1061 1550 1176 1613 ejus
1215 1548 1386 1599 locum
1417 1549 1758 1611 Ganymedes,
1797 1563 1828 1598 a
1852 1550 1979 1599 Jove
2013 1552 2070 1603 in

234 1615 463 1677 aquilam
487 1623 683 1668 mutato
704 1624 907 1680 raptus,
930 1616 1199 1679 occupavit
1224 1616 1472 1678 (Metam,
1505 1616 1595 1667 lib.
1627 1616 1658 1663 9
1686 1622 1740 1665 et
1768 1615 1872 1677 10).
1901 1614 2071 1668 Edidit

234 1682 393 1732 etiam
418 1682 551 1733 Juno
578 1684 813 1741 Martem,
851 1682 978 1733 belli
1010 1694 1379 1745 armorumque
1406 1680 1680 1745 praesidem
1700 1720 1713 1739 ,
1749 1681 1898 1744 eujus
1919 1692 2070 1733 soror

236 1746 475 1807 Bellona,
498 1749 606 1799 sive
634 1750 806 1813 Enyo:
834 1750 1058 1811 denique
1087 1748 1391 1804 Vulcanum,
1417 1747 1508 1797 sed
1535 1746 1811 1798 distortum
1836 1753 1891 1796 et
1914 1746 2070 1797 infor-

234 1826 391 1865 mem.
430 1816 642 1866 Horruit
676 1820 877 1879 partum
922 1816 1238 1878 degenerem
1275 1814 1496 1877 Jupiter,
1539 1819 1594 1863 et
1632 1814 1775 1865 calce
1813 1813 1867 1861 in
1903 1818 2070 1865 terras

234 1876 447 1943 dejecit.
468 1882 745 1939 Vulcanus,
770 1894 922 1934 crure
950 1882 1087 1932 inter
1105 1880 1396 1933 cadendum
1419 1879 1581 1932 fracto
1596 1920 1608 1939 ,
1632 1880 1846 1932 claudus
1864 1890 2070 1930 reman-

233 1946 321 1997 sit.
350 1947 569 2012 Jupiter,
597 1955 657 1999 ut
676 1949 1007 1999 infortunium
1038 1949 1137 2000 hoc
1159 1949 1445 2006 solaretur,
1474 1948 1620 1997 illum
1648 1946 1876 2009 praefecit
1911 1945 2069 1996 fabri·

234 2013 413 2063 candis
431 2015 750 2065 fulminibus
772 2015 994 2065 Officinae
1011 2015 1220 2064 Vulcani
1241 2015 1478 2072 LemnoS,
1505 2015 1704 2077 Lipara,
1726 2013 1870 2062 AEtna
1892 2025 1904 2060 :
1928 2012 2072 2074 adju-

234 2085 378 2130 tores
398 2087 451 2130 et
470 2081 757 2131 administri
774 2081 919 2132 fuere
936 2082 1179 2144 Cyclopes
1194 2119 1207 2138 ,
1227 2080 1296 2129 ita
1315 2079 1442 2130 dicti
1455 2119 1466 2138 ,
1492 2079 1629 2142 quod
1652 2092 1809 2129 unum
1827 2079 1880 2128 in
1897 2077 2074 2130 fronte

234 2144 405 2196 media
431 2148 638 2198 oculum
667 2148 937 2199 haberent.
960 2147 1200 2198 Ceterum
1229 2143 1458 2196 offensus
1486 2147 1686 2210 Jupiter
1705 2153 1760 2196 et
1778 2145 2072 2207 arrogantia

234 2210 475 2272 Iunonis,
511 2219 566 2265 et
595 2224 855 2277 postremo
882 2219 1058 2278 partu,
1096 2227 1208 2264 eam
1234 2211 1467 2263 fastidire
1499 2213 1676 2276 coepit.
1715 2212 2005 2267 Palladem,
2042 2222 2076 2260 e

234 2275 457 2329 fecundo
504 2281 671 2343 capite
730 2279 1064 2344 productam,
1106 2279 1250 2330 bello
1290 2279 1486 2342 pariter
1521 2291 1742 2344 praeesse
1778 2276 2080 2338 litterisque

234 2343 415 2394 voluit.
443 2345 604 2409 Vulgo
627 2353 825 2405 tamen,
855 2358 1014 2409 quum
1042 2345 1327 2396 litterarum
1357 2350 1438 2396 est
1454 2357 1644 2408 praeses
1659 2382 1672 2400 ‚
1696 2343 1917 2392 Minerva
1937 2354 2079 2391 nun·

233 2415 470 2472 cupatur.
499 2410 619 2463 Olea
652 2413 749 2477 ipsi
778 2413 945 2462 dicata
980 2416 1115 2469 erat,
1143 2412 1285 2476 pacis
1316 2410 1520 2472 insigne
1544 2425 1556 2457 :
1576 2421 1691 2459 nam
1714 2413 1768 2457 et
1801 2419 1927 2470 pace
1948 2419 2086 2468 gau-

234 2474 360 2526 dent
382 2477 595 2536 litterae,
617 2487 671 2530 et
689 2479 816 2530 belli
842 2478 956 2528 finis
978 2479 1352 2540 praemiumque
1372 2488 1471 2538 pax
1495 2487 1612 2524 esse
1633 2471 1792 2521 debet
1820 2471 2077 2548 metam„

232 2540 323 2590 lib.
346 2541 421 2604 6).
443 2544 517 2592 Ab
538 2545 932 2595 Atheniensibus
961 2543 1220 2606 praecipue
1251 2542 1388 2590 culta
1411 2539 1525 2590 fuit.
1556 2537 1764 2588 Interim
1799 2535 1959 2592 Juno,
1991 2549 2084 2590 ira

230 2606 526 2671 invidiaque
560 2611 807 2674 flagrans,
850 2622 1011 2673 quum
1044 2609 1284 2659 maritum
1316 2605 1531 2654 infidum
1565 2605 1845 2653 observare
1872 2603 2080 2664 vellet,

230 2673 306 2722 illi
328 2676 595 2727 custodem
615 2677 853 2740 apposuit
880 2681 1085 2725 centum
1115 2673 1282 2724 oculis
1306 2670 1575 2733 praeditum
1592 2708 1604 2727 ,
1628 2670 1816 2733 Argum
1835 2669 2080 2720 nomine.

232 2738 503 2791 Molestum
562 2742 950 2795 observatorem
991 2739 1194 2800 Jupiter
1233 2749 1397 2800 opera
1455 2735 1693 2787 Mercurii
1738 2735 2089 2786 obtruncavit

234 2803 467 2866 (Metam,
498 2808 588 2858 lib.
616 2809 663 2871 l)
688 2809 837 2869 :ejus
861 2807 1039 2856 oculos
1058 2805 1193 2854 Juno
1215 2802 1400 2853 indidit
1422 2802 1632 2866 pavonis
1649 2801 1845 2852 caudae.
1873 2801 2086 2864 Argum

228 2871 399 2934 ipsum
418 2911 431 2931 ,
460 2879 522 2924 ut
555 2875 643 2924 alii
679 2875 857 2925 volunt
876 2909 889 2928 .
922 2872 978 2921 in
1003 2881 1253 2933 pavonem
1281 2869 1514 2920 mutavit.
1548 2869 1574 2917 J
1581 2868 1763 2919 unonis
1790 2866 1984 2917 famula
2020 2872 2090 2918 et

228 2939 417 2990 nuncia
456 2939 553 2990 lris
572 2940 693 2997 fuit,
716 2936 949 3002 quamvis
986 2948 1200 2999 operam
1224 2935 1501 2998 aliquando
1522 2935 1635 2985 Jovi
1655 2935 1952 2995 ceterisque
1970 2931 2092 2983 diis

228 3011 457 3056 navaret.
499 3005 571 3056 De
614 3007 796 3062 Marte,
836 3001 1004 3060 adde,
1042 3003 1188 3052 illum
1223 3001 1496 3052 Gradivum
1531 3000 1782 3065 appellari
1817 2999 2043 3049 solitum
2069 3038 2087 3058 ,

228 3071 436 3134 quando
471 3069 757 3122 saeviebat:
792 3069 999 3132 erudior
1030 3067 1168 3118 enim
1196 3068 1408 3132 'proprie
1444 3068 1511 3118 de
1535 3067 1788 3117 militibus
1813 3065 1867 3114 in
1898 3064 2094 3142 aciem

128 3149 133 3152 ·
225 3135 653 3200 procurrentibus
672 3135 861 3186 dicitur
884 3151 897 3184 ε
920 3133 1187 3193 Quirinum
1212 3147 1339 3186 vero
1352 3172 1365 3192 ,
1385 3147 1504 3185 cum
1523 3133 1834 3196 tranquillus
1853 3135 1909 3182 et
1926 3131 2096 3180 mitis

136 3234 143 3238 -
226 3207 377 3252 erat:
408 3207 615 3263 sumpto
648 3202 854 3254 nomine
874 3213 901 3252 a
921 3200 1111 3252 Sabino
1128 3201 1384 3252 vocabulo
1407 3199 1572 3257 curis,
1595 3211 1690 3250 seu
1707 3197 1896 3262 quiris,
1923 3193 2099 3274 quod

225 3267 423 3317 hastam
457 3266 801 3329 significabat.
838 3267 895 3319 Id
930 3268 1151 3318 nominis
1187 3266 1401 3317 Romulo
1439 3277 1680 3328 quoque,
1716 3263 1887 3312 Martis
1921 3261 2050 3312 {ilio
2073 3299 2093 3321 ,

226 3330 479 3381 tributum
504 3339 603 3385 est.
629 3336 777 3393 Salii,
806 3333 977 3385 Martis
995 3332 1322 3390 sacerdotes,
1349 3331 1537 3384 urbem
1559 3330 1776 3382 obibant
1796 3325 2095 3388 saltandO.

226 3403 283 3450 et
307 3395 495 3450 ancilia
520 3400 807 3468 (clypeolos
824 3400 1021 3466 sacros)
1052 3397 1491 3450 circumferendo.
