2317 3850
808 160 875 202 rr
910 159 1176 203 nunninus
1211 160 1468 205 romeis,
1883 140 2046 216 xxm

193 242 367 305 epulas
396 236 685 293 detestati,
722 234 989 285 Tantalum
1017 236 1067 285 iu
1092 238 1297 286 Tartara
1336 238 1673 289 detruserunt
1690 276 1702 294 ,
1739 238 1829 289 ubi
1857 239 2042 291 mediis

200 308 249 357 in
262 305 413 355 undis
434 304 571 361 sitit,
594 310 665 360 et,
689 302 1039 353 alludentibus
1060 304 1137 353 ori
1163 304 1346 366 pomiS,
1368 303 1502 353 fame
1521 304 1781 354 cruciatur
1801 306 2034 369 (Metam,

202 373 277 423 lib.
298 372 371 433 4).
403 371 669 432 Pelopem
692 367 877 417 deinde
903 368 957 417 in
988 368 1143 418 vitam
1178 376 1515 425 revocarunt.
1555 370 1742 419 educta
1765 384 1828 419 ex
1863 371 2040 421 inseris

193 452 277 503 per
292 436 631 487 Mercurium
650 435 765 497 ejus
783 433 947 483 anima
963 472 975 491 ,
998 440 1053 485 et
1068 435 1317 485 memhris
1336 436 1405 485 ita
1425 436 1692 497 reparatiS,
1718 441 1776 485 ut
1795 437 2039 487 humerus

186 505 492 559 eburneus,
519 502 577 551 in
604 501 719 562 ejus
746 500 918 551 locum
934 538 945 557 ,
975 500 1067 564 qui
1094 514 1124 551 a
1150 501 1338 552 Cerere
1357 515 1596 551 comesus
1621 502 1794 553 suerat
1811 541 1822 559 ,
1854 503 2042 553 substi-

184 576 435 621 tueretur
466 569 717 631 (Metam..
744 566 835 615 lib.
860 568 890 613 6
907 568 945 629 ).
973 566 1161 625 Niobe,
1194 567 1390 617 Tantali
1418 567 1548 623 filia,
1577 576 1840 631 paternam
1864 569 2042 631 impie·

180 642 339 687 tatem
387 636 605 685 imitata
629 670 641 690 ,
686 633 809 682 dum
854 633 1097 683 Latonam
1138 634 1419 683 contemnit
1441 672 1454 690 ,
1498 647 1829 685 numerosam
1873 635 2042 685 amisit

78 744 85 751 .
178 704 461 756 sobolem.
511 699 631 751 telis
666 698 907 761 Apollinis
946 711 1007 749 ac
1041 699 1210 749 Dianae
1253 699 1506 749 confixam
1531 738 1542 757 ,
1591 706 1642 749 et
1683 701 1814 763 ipsa,
1852 700 2038 752 dolore

182 782 359 819 amens
377 807 391 826 ,
412 768 479 817 in
507 778 690 815 saxum
714 764 924 827 diriguit
948 764 1190 827 (Metam,
1219 765 1309 815 lib.
1337 766 1406 829 6).
1438 766 1638 827 Pelops,
1665 767 1934 831 Phrygiam
1960 775 2040 820 tot

176 835 429 885 cladibus
455 844 677 882 suorum
698 829 951 881 funestam
978 831 1250 888 deserens,
1279 833 1416 883 venit
1444 832 1496 882 in
1518 833 1740 891 Elidem,
1763 841 1818 885 et
1847 834 2036 897 Hippo·

179 900 416 951 damiam
432 939 451 957 ,
481 897 715 949 OEuomai
738 896 875 959 regis
902 896 1055 947 filiam
1071 935 1084 954 ,
1109 910 1325 949 uxorem
1346 900 1411 948 ab
1431 899 1546 961 ejus
1575 907 1720 961 patre
1740 900 2032 963 postulavit.

180 967 509 1021 (Emmaus,
542 969 763 1014 mortem
792 962 891 1012 sibi
924 976 955 1012 a
989 976 1184 1027 genero
1221 964 1532 1015 afferendam
1568 965 1888 1023 admonitus,
1920 979 2038 1019 eam

181 1032 301 1083 filiae
340 1030 533 1096 procis
570 1028 914 1080 conditionem
940 1038 1281 1094 proposuerat
1300 1070 1313 1089 ,
1353 1037 1412 1081 ut
1437 1032 1604 1083 curuli
1631 1033 1914 1083 certamine
1949 1046 2035 1083 se·

180 1110 301 1148 cum
322 1099 703 1154 decertarent,
736 1107 800 1144 ea
826 1094 1061 1159 potituri,
1096 1097 1139 1147 si
1176 1096 1469 1157 vincerent;
1503 1098 1750 1161 perituri,
1787 1100 1832 1149 si
1863 1099 2036 1149 vince·

184 1171 391 1217 rentur.

254 1230 481 1295 Accepit
496 1226 847 1279 conditionem
865 1228 1073 1292 Pelops,
1100 1234 1155 1278 et
1173 1242 1350 1292 regem
1369 1229 1504 1289 vinci
1526 1230 1691 1287 aliter,
1717 1244 1871 1294 quam
1892 1230 2033 1289 dolo,

186 1310 294 1348 non
320 1308 485 1361 posse
506 1294 799 1357 intelligens
818 1333 830 1353 ‚
861 1294 969 1357 egit
990 1308 1111 1345 cum
1135 1296 1335 1359 Myrtilo
1353 1334 1366 1351 .
1393 1297 1506 1358 eius
1527 1297 1730 1359 auriga.
1757 1302 1818 1345 ut
1841 1296 2038 1349 ferrum

196 1363 434 1421 tolleret,
466 1361 607 1425 quod
635 1361 716 1411 axi
739 1366 993 1417 extremo,
1023 1366 1256 1412 rotarum
1285 1362 1522 1419 modiolis
1547 1363 1760 1417 inserto,
1786 1361 2034 1425 infigitur,

204 1441 434 1491 easque,
456 1441 523 1480 ne
552 1426 797 1483 effluant,
829 1426 1072 1478 continet.
1102 1426 1358 1478 Excussus
1384 1427 1518 1477 hunc
1551 1428 1604 1477 in
1636 1426 1848 1481 modum
1877 1440 2039 1479 curru

205 1494 505 1551 (Emmaus,
544 1493 721 1545 fractis
758 1494 1047 1545 cervicibus
1066 1530 1081 1551 ,
1122 1505 1242 1543 cum
1283 1494 1384 1543 vita
1421 1494 1686 1545 victoriam
1729 1500 1783 1544 et
1818 1508 2038 1558 regnum

205 1561 385 1611 amisit.
412 1561 628 1623 Pelops,
654 1572 815 1623 regno
840 1558 1000 1611 dotali
1025 1560 1249 1623 potitus,
1269 1560 1622 1623 Peloponneso
1647 1572 1832 1612 nomen
1857 1562 2030 1620 dedit,

198 1626 319 1678 felix
347 1628 395 1679 si
421 1626 709 1677 concordes
736 1626 929 1677 habere
958 1624 1109 1683 filios,
1135 1628 1343 1678 Atreum
1368 1634 1422 1676 et
1439 1627 1718 1691 Thyesten,
1749 1628 2031 1691 potuisset!

190 1693 295 1745 sed
322 1692 553 1744 fratrum
582 1692 839 1744 discordia
863 1698 1006 1743 tanto
1035 1692 1171 1743 solet
1195 1705 1310 1743 esse
1337 1693 1558 1755 gravior,
1591 1700 1784 1757 quanto
1811 1695 2038 1746 sanctior

186 1760 429 1811 amicitia
454 1770 571 1809 esse
595 1758 773 1809 dehet.
797 1758 1047 1823 Thyestes
1065 1770 1284 1809 uxorem
1313 1757 1486 1810 fratris
1511 1760 1782 1809 temeravit
1807 1777 1820 1810 :
1850 1763 2038 1811 Atreus

186 1824 445 1891 Thyestae
474 1822 630 1882 lilios,
655 1824 819 1876 inscio
852 1831 999 1889 patre
1025 1824 1349 1882 interfectos,
1379 1825 1550 1875 eidem
1590 1826 1874 1889 epulandos
1904 1840 2035 1891 prae-

184 1891 331 1944 huit.
360 1892 641 1955 Supererat
656 1891 891 1956 Thyestae
909 1890 1045 1942 filius
1068 1891 1276 1950 nothus.
1303 1892 1421 1959 qui,
1444 1893 1614 1956 perire
1639 1894 1810 1944 statim
1829 1892 1895 1943 ab
1915 1898 2037 1948 ortu

180 1959 377 2023 jussus
402 1996 416 2016 ,
448 1971 479 2008 a
512 1959 803 2020 pas10r3hus
837 1965 1012 2010 tamen
1046 1965 1282 2012 servatus
1313 1965 1369 2008 et
1401 1959 1535 2010 lacte
1568 1961 1778 2022 caprino
1811 1960 2038 2011 nutritus

186 2025 373 2077 fuerat
390 2063 403 2083 ,
436 2024 577 2074 uude
603 2024 677 2074 illi
711 2036 896 2076 nomen
935 2024 1194 2088 AEgisthus
1220 2025 1431 2076 factum.
1457 2026 1548 2076 Hic
1577 2027 1786 2076 Atreum
1815 2027 2031 2076 obtrun-

186 2095 373 2144 cavit:
413 2091 875 2153 Agamemnonem,
905 2091 1041 2140 Atrei
1066 2089 1231 2141 filium
1250 2131 1262 2148 ,
1291 2105 1320 2141 e
1346 2093 1546 2155 troiano
1566 2103 1832 2142 reversum
1859 2092 2033 2152 bello,

192 2157 441 2214 sustulit,
467 2155 670 2208 conscia
691 2163 746 2206 et
771 2157 1073 2221 adiuvante,
1102 2169 1259 2218 quam
1290 2157 1388 2206 sibi
1411 2158 1546 2207 male
1568 2157 1896 2214 devinxerat,
1921 2160 2034 2222 Cly-

198 2228 484 2276 temnestra
502 2261 515 2282 ,
568 2223 790 2287 conjuge
822 2222 1234 2288 Agamemnonis.
1263 2223 1390 2272 Hinc
1417 2222 1638 2273 fecunda
1669 2223 2037 2291 tragoediarum

190 2301 379 2354 seges.

728 2389 887 2440 caru-r
906 2383 1075 2438 xxm.
1098 2385 1310 2434 Thomu
1331 2394 1504 2436 neers.

266 2537 331 2587 ln
358 2548 423 2588 ea
439 2536 671 2602 Phrygiae
692 2543 837 2601 parte
851 2576 863 2594 ,
893 2550 1012 2601 quae
1028 2535 1348 2601 Bosphorum
1365 2532 1617 2586 thracium
1650 2531 1886 2596 respicit,
1911 2535 2038 2586 Tro·

190 2601 311 2664 jam
347 2601 635 2661 Dardanus,
674 2603 813 2655 lovis
850 2611 907 2655 et
942 2605 1159 2655 Electrae
1188 2601 1350 2660 iilius,
1388 2601 1641 2658 condidit,
1671 2614 1701 2651 e
1736 2601 1914 2654 Tuscia
1955 2601 2036 2654 fu·

198 2668 370 2730 giem,
392 2670 559 2722 occiso
583 2669 745 2721 fratre
760 2708 773 2727 ,
794 2671 1005 2732 quicum
1028 2671 1079 2720 in
1098 2669 1194 2720 hac
1217 2669 1374 2720 ltaliae
1391 2675 1539 2732 parte
1558 2668 1824 2732 regnabat.
1849 2670 2037 2722 Rerum

204 2733 265 2782 in
290 2733 487 2786 Troade
512 2743 636 2787 tunc
659 2737 953 2800 potiebatur
979 2737 1192 2793 Teucer,
1223 2736 1316 2800 qui
1349 2735 1636 2786 Dardanum
1661 2749 1911 2799 generum
1947 2737 2036 2786 ad·

205 2797 385 2857 scivit,
414 2813 641 2866 cumque
682 2801 775 2852 illo
816 2803 981 2865 Trojae
1004 2801 1336 2854 fundamenta
1366 2803 1520 2864 jecit,
1557 2801 1702 2851 annis
1725 2808 1846 2854 ante
1867 2809 2039 2854 natam

200 2863 413 2915 Romam
434 2867 547 2919 fere
568 2869 922 2932 septingentis.
946 2867 1178 2919 Dardano
1206 2870 1457 2920 successit
1483 2867 1840 2918 Erichthonius
1871 2869 2033 2929 iiliuS‚

198 2929 533 2984 Erichthonio
550 2934 677 2984 Tros
694 2973 706 2992 ,
731 2934 823 2997 qui
848 2934 1049 2999 Troiam
1066 2934 1133 2984 de
1152 2947 1249 2985 suo
1271 2935 1548 2997 appellavit
1567 2935 1792 2986 nominc.
1813 2935 1958 2986 Trois
1976 2935 2036 2986 fi·

196 2995 303 3046 lius
322 2996 423 3049 fuit
444 2999 787 3062 Ganymedes,
810 3013 838 3048 a
857 3001 985 3051 Jove
1012 3006 1190 3064 raptus
1220 3001 1465 3062 (Metam,
1495 3001 1585 3051 iih.
1611 3001 1725 3064 10).
1750 3002 1878 3051 item
1898 3003 2039 3050 Assa·

192 3073 351 3112 racus
370 3103 383 3121 ,
408 3077 476 3114 ex
501 3078 607 3127 quo
634 3067 839 3128 genitus
865 3072 945 3116 est
968 3067 1153 3130 Capys,
1186 3065 1414 3116 Anchisae
1438 3072 1587 3128 pater
1611 3082 1624 3115 :
1651 3066 1862 3116 demum
1897 3068 2036 3125 llus,

190 3129 310 3192 qui,
334 3136 612 3192 paternum
630 3133 849 3196 adeptus
877 3143 1094 3196 regnum
1114 3171 1127 3190 ,
1148 3131 1353 3194 Troiam
1371 3132 1519 3181 Ilium
1545 3132 1715 3181 vocari
1729 3131 1900 3192 jussit.

258 3195 339 3245 llo
368 3197 622 3248 successit
648 3198 785 3247 filius
810 3199 1129 3255 Laomedon,
1158 3211 1316 3260 quem
1352 3198 1602 3248 Hercules
1633 3197 1734 3246 vita
1767 3207 2038 3259 regnoque

186 3261 457 3323 spoliavit,
478 3263 701 3313 abducto
728 3265 841 3326 ejus
867 3265 971 3314 lilio
988 3265 1235 3326 (Metam,
1264 3263 1354 3312 lib.
1381 3265 1436 3314 11
1459 3265 1500 3327 ),
1523 3264 1632 3330 qui,
1653 3261 1928 3324 aTroJ‘anis
1951 3277 2038 3314 re·

184 3325 443 3391 demptus
461 3366 474 3383 .
503 3329 623 3380 iude
654 3330 837 3379 Priami
860 3343 1046 3381 nomen
1069 3336 1378 3380 consecutus
1415 3337 1523 3387 est,
1556 3341 1720 3390 quum
1757 3328 1915 3380 Antea
1943 3329 2038 3380 Po·

186 3391 382 3443 dai-ces
408 3392 689 3446 diceretur.
714 3396 941 3446 Priamus
957 3435 969 3454 ,
996 3395 1129 3458 patri
1165 3395 1442 3449 suffectus,
1473 3397 1702 3446 turribus
1727 3396 2042 3458 arcibusque

186 3460 419 3510 munivit
440 3459 655 3524 urbem,
679 3475 797 3525 quae
826 3468 948 3513 tunc
976 3462 1223 3525 Pergama
1257 3461 1556 3518 vocabatur,
1583 3461 1724 3512 unde
1741 3462 1854 3523 ipsa
1888 3462 2002 3522 'l'roi
