2317 3850
191 105 361 197 Σὺ(
851 140 1112 185 1113111111
1146 142 1216 185 nt
1251 139 1360 187 nus

196 211 286 263 sed
308 224 339 263 a
356 210 697 277 piscatoribus
714 223 947 267 servatus
962 256 974 275 ,
999 231 1159 281 quum
1185 223 1336 269 aetate
1360 218 1715 280 processisset,
1740 232 1800 270 ac
1818 219 2034 275 ludicro

196 280 469 330 interesset
490 282 780 338 certamini,
804 290 999 345 patrem
1022 284 1320 346 imprudens
1336 282 1614 334 interfecit.
1641 286 1735 335 Res
1758 286 1874 348 ejus
1900 301 2034 350 111-31-

194 345 528 474 ¹cilsstremgestas
552 347 801 399 describit
817 349 1025 399 Ovidius
1045 351 1289 413 metam..
1311 350 1404 400 lib.
1428 352 1455 400 ⁴
1471 388 1484 407 ‚
1507 352 1572 400 ad
1601 350 1782 409 finem,
1803 358 1858 403 et
1879 353 2034 407 initio

261 476 484 539 Pegasus
504 516 517 533 .
552 476 619 528 de
659 492 765 541 quo
800 479 1027 529 meminit
1068 479 1206 531 idem
1237 480 1446 531 Ovidius
1492 481 1732 544 (Metam,
1780 482 1876 535 lib.
1924 484 2026 545 ⁴),

196 544 457 605 egregiam
476 544 665 594 Perseo
684 546 903 608 primum
926 546 1126 595 navavit
1145 559 1357 607 operam
1373 563 1386 603 ;
1408 546 1594 597 deinde
1617 548 2029 612 8011010111101111,1

197 608 395 665 Glauci,
418 610 555 671 regis
574 610 951 661 Corinthiorum
966 650 977 668 ‚
1003 612 1126 661 tilio.
1151 613 1242 662 llle
1263 626 1425 674 quum
1449 613 1693 671 Praetum,
1720 615 2028 677 Argivorum

194 686 392 736 regem,
418 674 688 733 inviseret,
715 678 937 738 eiusque
959 678 1111 727 uxori
1138 678 1462 729 Sthenoboeae
1485 679 1724 729 assentiri
1747 682 1926 737 nollet.
1956 685 2032 732 al)

195 750 259 787 ea
274 739 373 789 fuit
390 744 657 791 accusatus
680 740 817 804 apud
845 742 1069 793 Proetum
1092 778 1105 800 ,
1142 744 1231 806 qui
1251 779 1264 802 ‚
1287 756 1352 794 nc
1373 745 1545 795 datam
1571 743 1761 807 hospiti
1785 746 2028 798 dextram

192 806 453 869 fidemque
471 804 705 863 violaret,
721 804 1037 868 misitipsum
1056 820 1174 857 cum
1192 808 1392 864 litteris,
1405 808 1551 871 quasi
1567 812 2016 873 commendatitfis,

191 885 413 937 quarum
434 871 627 922 similes
642 872 1049 935 Bellerophontis
1066 874 1296 936 epistolae
1314 882 1491 937 postea
1510 881 1631 925 sunt
1649 878 1936 939 appellatae,
1951 883 2020 933 311

194 942 423 992 Iobatem
457 954 632 1002 regem
670 943 857 1005 Lyciae,
892 954 1130 997 socerum
1163 954 1333 991 suum.
1367 942 1654 1005 Rogabatur
1685 942 1795 991 istis
1833 942 2024 995 litteris

194 1006 425 1063 Iobates,
446 1013 506 1056 ut
524 1006 966 1069 Bellerophontem
989 1006 1186 1057 insidiis
1215 1014 1268 1058 et
1295 1012 1410 1057 astu
1435 1007 1695 1071 perderet.
1727 1007 1904 1058 Statim
1933 1022 2019 1059 va·

195 1072 285 1122 riis
308 1072 549 1136 periculis
570 1073 668 1122 fuit
684 1073 917 1136 obiectus
934 1074 1000 1123 ab
1025 1073 1202 1123 lobate
1221 1112 1234 1132 ,
1265 1081 1326 1124 ut
1353 1074 1548 1137 periret
1563 1112 1575 1131 .
1600 1073 1882 1136 praesertim
1905 1074 2019 1123 Chi·

194 1149 381 1195 maerae,
396 1138 628 1189 horribili
645 1144 891 1194 monstro,
904 1139 955 1188 in
972 1139 1137 1203 Lycia,
1153 1139 1291 1201 quod
1309 1140 1485 1202 Pegasi
1501 1144 1672 1189 tamen
1687 1152 1784 1201 ope
1797 1138 2018 1192 domuit.

195 1203 296 1253 Sed
320 1205 443 1254 dum
470 1205 595 1268 equi
619 1205 741 1255 alati
772 1210 917 1267 tergo
949 1206 1179 1255 insidens
1202 1206 1407 1256 evolare
1430 1206 1482 1255 in
1505 1206 1695 1257 coelum
1721 1212 1957 1264 conatur,
1989 1220 2020 1257 a

194 1268 322 1320 Jove
348 1270 581 1333 dejectus
612 1270 849 1321 etoculis
874 1270 1087 1321 orbatus
1105 1277 1202 1321 est.
1237 1271 1560 1322 Commodius
1583 1276 1751 1321 actum
1776 1271 1873 1320 fuit
1898 1286 2018 1323 cum

193 1334 383 1387 Perseo
408 1343 464 1388 et
487 1336 600 1399 ipso
622 1337 847 1401 Pegaso;
876 1349 991 1387 nam
1020 1336 1170 1387 ambo
1192 1338 1243 1386 in
1271 1336 1440 1387 sidera
1465 1343 1589 1388 sunt
1605 1337 1776 1391 relati.
1799 1337 2018 1389 Stheno·

194 1400 315 1453 boea
340 1415 523 1454 necem
552 1402 651 1454 sibi
674 1403 939 1455 conscivit.
1935 1417 1940 1421 ·

810 1538 969 1589 Cum·
994 1538 1090 1589 XV.
1128 1538 1402 1591 umentes.

259 1664 503 1721 Heroum.
518 1677 587 1728 qu
593 1677 651 1716 os
662 1668 889 1716 vetustas
902 1663 1108 1716 celebra
1114 1663 1204 1721 vit,
1217 1664 1531 1715 clarissimus
1542 1666 1734 1717 exstitit
1747 1666 2014 1725 Hercules,

192 1730 430 1783 Alcmena
452 1732 690 1793 genitus.
722 1732 942 1794 conjuge
982 1730 1384 1794 Amphitryonis,
1423 1731 1626 1781 thebani
1661 1732 1930 1796 principis,
1961 1737 2018 1786 et

191 1797 337 1849 Jove.
364 1798 625 1861 Regnabat
646 1810 739 1859 per
758 1797 891 1847 idem
910 1802 1118 1859 tempus
1142 1798 1382 1861 Mycenis,
1406 1796 1457 1848 in
1481 1798 1688 1853 Graecia.
1709 1798 2013 1857 Sthenelus,

192 1868 247 1913 et
266 1876 483 1927 regnum
508 1864 718 1915 Herculi
743 1863 845 1913 fata
866 1862 1208 1913 destinabant.
1229 1864 1396 1914 Sensit
1437 1864 1572 1916 Juno
1595 1904 1607 1922 ,
1639 1864 1914 1929 effecitque
1956 1871 2022 1917 ut

190 1929 537 1995 EurystheuS,
573 1931 802 1980 Stheneli
830 1929 989 1988 lilius,
1028 1931 1170 1994 prior
1196 1936 1512 1989 nasceretur,
1540 1944 1694 1994 quam
1728 1931 1978 1982 Hercules
1997 1970 2020 1990 .,

192 2008 353 2058 quum
377 2003 527 2047 antea
550 1996 875 2059 impetrasset
896 2010 923 2046 a
943 1997 1070 2046 Jove
1090 2035 1103 2054 ,
1140 2003 1201 2047 ut
1226 1999 1313 2061 qui
1342 1998 1609 2048 amborum
1640 1997 1780 2062 prior
1800 1997 1938 2048 foret
1961 1998 2016 2049 in

190 2061 361 2114 lucem
391 2062 560 2113 editus
596 2062 745 2113 alteri
771 2063 1107 2126 imperitaret.
1135 2063 1414 2127 Imperium
1446 2064 1783 2116 inclementer
1810 2065 1862 2114 111
1886 2064 2015 2116 1101·-

190 2129 362 2178 01110111
376 2128 689 2193 Eurystheus
700 2136 877 2194 postea
892 2130 1127 2180 exercuit
1144 2129 1377 2192 (Metam,
1397 2130 1487 2179 lib.
1505 2131 1578 2193 9).
1600 2131 1826 2194 Longum
1843 2137 2013 2181 tamen

190 2193 381 2244 lunoni
400 2195 567 2247 visum
594 2200 699 2254 est,
724 2195 848 2246 dum
880 2202 1106 2258 uterque
1127 2196 1478 2248 adolesceret:
1503 2197 1776 2248 Herculem
1795 2195 1844 2246 in
1865 2195 2018 2246 cunis

188 2261 411 2323 perdere
434 2261 678 2320 tentavit,
708 2262 946 2313 immissis
974 2263 1228 2326 anguibus
1257 2263 1467 2325 geminis
1486 2301 1498 2320 ,
1528 2275 1661 2326 quos
1687 2261 1882 2316 infans,
1909 2261 2018 2323 iam

189 2324 371 2378 doctus
393 2328 623 2384 vincere,
654 2329 744 2391 qui
772 2329 948 2380 vivere
973 2329 1053 2378 vix
1078 2335 1332 2392 coeperat‚
1360 2329 1565 2379 tenellis
1591 2327 1826 2378 manibus
1855 2327 2012 2379 elisit.

187 2391 407 2444 Palladis
431 2401 603 2445 tamen
625 2408 724 2458 ope
756 2395 889 2445 Juno
910 2395 1119 2445 Herculi
1140 2394 1405 2446 conciliata
1445 2393 1710 2456 paulisper
1737 2396 1842 2447 est:
1870 2391 2025 2442 dum·

189 2470 294 2520 que
310 2462 460 2524 pueri
475 2461 635 2512 labris
652 2462 813 2511 ubera
834 2461 1099 2516 admovet,
1121 2459 1315 2510 decidit
1332 2459 1504 2520 aliqua
1533 2456 1780 2520 particula
1809 2454 2018 2506 candidi

187 2524 433 2588 liquoris,
466 2534 521 2578 et
543 2528 595 2577 in
622 2541 736 2578 eam
760 2527 878 2577 coeli
906 2533 1105 2589 partem
1129 2525 1345 2575 defluxit
1361 2562 1374 2581 ‚
1409 2534 1527 2584 quae
1553 2523 1634 2572 via
1661 2523 1842 2572 Lactea
1872 2525 2019 2585 post·

185 2592 399 2643 modum
424 2599 506 2642 est
531 2595 784 2658 appellata
816 2593 1059 2654 (Metam,
1090 2591 1226 2652 lib.).
1258 2591 1376 2638 Haec
1412 2587 1626 2637 Junonis
1653 2586 2016 2640 benevolentia

186 2658 393 2710 minime
417 2658 515 2709 fuit
537 2661 797 2710 diuturna.
832 2658 1174 2721 Eurystheum
1192 2695 1204 2713 ,
1235 2655 1558 2717 Mycenarum
1590 2653 1722 2704 solio
1753 2655 1972 2718 potitum
1996 2693 2011 2713 ,

186 2723 413 2788 impulit.
436 2731 496 2776 ut
522 2725 795 2776 Herculem
812 2722 963 2772 variis
986 2721 1241 2784 objiceret
1257 2719 1547 2788 laboribus,
1572 2720 1763 2783 quihus
1786 2720 2018 2784 denique

187 2803 467 2854 oppressus
492 2793 704 2856 periret.
745 2788 1025 2838 Duodecim
1056 2787 1214 2850 vulgo
1245 2792 1604 2837 numerantur.
1637 2788 1690 2836 1·
1724 2788 1906 2838 Jussus
1931 2793 2020 2838 est

185 2856 391 2908 leonem
427 2859 642 2909 Nemaeae
658 2855 822 2910 silvae,
847 2866 877 2903 a
906 2866 1013 2916 quo
1048 2853 1146 2903 toti
1187 2853 1385 2914 regioni
1415 2854 1668 2916 pernicies
1712 2853 2010 2912 creabatur,

184 2921 498 2975 interlicere.
534 2923 751 2973 Adortus
774 2919 935 2969 feram
963 2919 1216 2972 Hercules
1247 2919 1301 2968 in
1325 2925 1530 2970 antrum
1558 2919 1808 2983 compulit
1826 2958 1840 2978 ,
1871 2918 2017 2969 unde

171 2991 386 3042 >nullum
431 2990 643 3053 patebat
685 2984 931 3047 effugium
952 3023 968 3044 ‚
1015 2984 1358 3048 faucibusque
1411 2986 1701 3036 constrictis
1749 2985 2019 3036 interemit

188 3055 422 3118 metam..
443 3055 537 3104 lib.
566 3055 641 3116 9).
667 3051 789 3113 Ejus
818 3051 1007 3113 pellem
1033 3051 1278 3116 deinceps
1296 3090 1308 3109 ,
1346 3053 1524 3116 primae
1559 3052 1759 3102 scilicet
1787 3050 2019 3102 victoriae

185 3128 571 3176 monumentum
586 3158 599 3177 ,
639 3129 847 3180 semper
864 3119 1040 3180 gessit.
1068 3119 1121 3168 2·
1148 3117 1269 3170 Erat
1305 3118 1474 3182 Hydra
1503 3119 1654 3169 leone
1671 3117 1771 3168 isto
1805 3115 2013 3174 tetrior,

181 3200 399 3252 serpens
414 3185 647 3237 immanis
664 3185 717 3234 in
739 3185 901 3234 Lerna
915 3185 1123 3248 palude.
1145 3195 1309 3250 prope
1329 3187 1506 3250 Argos,
1525 3184 1611 3238 0111
1631 3187 1836 3247 septem
1849 3183 2018 3246 capita

181 3254 257 3304 sic
281 3255 371 3304 11111
396 3251 533 3303 00110
558 3251 940 3309 inserebantur,
974 3257 1060 3310 ut,
1090 3264 1253 3314 quum
1288 3263 1448 3300 unum
1476 3249 1889 3307 exscinderetur,
1916 3249 2018 3299 alia

179 3319 342 3368 multa
360 3317 761 3381 repullularent;
782 3317 952 3368 omnia
978 3318 1127 3369 simul
1150 3317 1337 3369 eodem
1360 3317 1468 3366 ictu
1486 3315 1739 3366 Hercules
1759 3313 1984 3366 abscidit
1999 3353 2016 3374 ,

180 3389 272 3434 aut
286 3384 407 3446 igne
420 3421 435 3442 ‚
454 3390 514 3435 ut
526 3385 611 3436 alii
626 3383 838 3436 tradunt
850 3421 865 3440 .
885 3385 1086 3436 exussit
1108 3384 1350 3447 (Metam,
1374 3381 1466 3433 lib.
1489 3383 1566 3444 9).
1579 3383 1632 3432 5·
1650 3382 1800 3432 Dirus
1819 3393 1947 3444 aper
1963 3379 2018 3431 in

178 3449 475 3502 111-1013111110
490 3457 666 3504 111011ιο
694 3450 983 3505 vastitatem
998 3449 1136 3515 agris
1156 3448 1410 3500 afferebat
1428 3464 1444 3498 1
1465 3447 1638 3504 vivum
1661 3447 1826 3512 cepit,
1851 3447 2024 3511 Eury·-
