2317 3850
827 149 895 191 nr
930 148 1196 193 stacteus
1229 148 1490 193 rost-tots.
1969 142 2112 203 xxu'

201 226 485 289 alueoque
504 220 712 275 obtulit.
736 222 789 273 ⁴·
803 222 981 285 Neque
1002 222 1127 273 nibil
1144 224 1364 274 nocebat
1384 223 1436 271 iu
1459 221 1666 273 Maenalo
1683 228 1858 275 monte
1885 236 2062 285 cerva.

206 294 373 345 aereis
406 290 634 355 pedibus
668 288 945 352 aureisque
980 290 1224 339 cornibus
1251 288 1492 353 praedita;
1521 288 1654 339 hanc
1677 301 1810 341 anuo
1845 295 1957 342 toto
1983 292 2062 342 in·

202 364 437 411 secutus
486 354 718 418 denique
755 359 1023 405 assecutus
1048 360 1156 413 est.
1189 355 1484 419 iaculisque
1527 354 1758 405 confixit.
1807 356 1858 404 5·
1885 356 2063 411 Damni

196 426 337 490 plus
366 421 665 473 afferebant
692 421 931 473 volucres
958 420 1194 485 quaedam
1216 420 1268 471 in
1291 421 1410 473 lacu
1439 420 1736 484 Stymphalo
1754 459 1768 477 ,
1805 420 2062 475 inusitatae

191 486 599 553 magnitudinis
621 491 674 536 et
690 487 891 537 roboris
906 526 919 545 ,
940 488 1011 537 ita
1029 492 1090 537 ut
1107 493 1482 551 praetereuntes
1499 486 1760 549 unguibus
1778 486 2059 541 laniarent:

193 557 269 607 iis
310 552 535 618 fugatis,
565 566 803 615 magnam
820 558 902 603 est
927 553 1147 617 adeptus
1179 553 1396 617 gloriam
1429 567 1441 600 :
1473 553 1522 601 6·
1549 557 1605 603 et
1621 554 1673 603 Ἰ·
1695 553 1945 615 maiorem
1967 554 2062 605 de·

192 621 437 675 bellatis
469 618 833 676 Amazonibus,
856 618 919 669 ad
950 619 1167 670 fluvium
1195 618 1573 670 Thermodonta
1593 618 1835 683 (Metam.
1861 619 1954 670 lib.
1983 620 2060 684 9).

198 695 265 739 et
291 685 541 751 tyrannis
586 684 823 741 duobus,
860 684 1105 737 Diomede
1140 690 1198 736 et
1231 684 1464 737 Busiride
1490 684 1774 735 interfectis
1792 723 1805 742 .
1835 698 2060 749 quorum

203 752 299 804 bic
349 753 411 803 in
464 752 680 814 AEgypto
730 752 1034 814 peregrinos
1082 756 1242 815 atque
1292 750 1523 815 hospites
1576 750 1874 801 immolabat
1915 752 2058 811 Jovi;

200 820 305 869 ille
324 856 341 876 ,
370 818 430 868 in
456 816 669 867 Thracia
686 854 700 874 ‚
730 815 943 867 eosdem
966 817 1227 869 ferocibus
1247 817 1397 881 equis
1421 816 1800 868 conculcandos
1825 830 1886 868 ac
1907 816 2062 869 devo·

200 884 421 935 randos
463 883 749 946 praebebat.
788 882 841 942 8·
876 883 981 951 illis
1022 896 1115 947 par
1156 884 1472 934 immanitate
1513 884 1781 935 ferebatur
1821 883 2022 947 Geryon
2040 924 2054 942 ,

201 948 485 1013 Hispaniae
518 962 639 1005 rex,
661 947 937 1011 tricorpor.
969 956 1126 1011 'quem
1165 948 1318 1000 simili
1344 948 1517 1000 affecit
1543 961 1712 1011 poena.
1743 949 1794 997 9·
1829 949 2057 1013 Magnam

204 1013 771 1133 {liiiiwsffi'ssi'fflfiii
796 1014 1164 1143 sitisti&
1190 1014 1632 1132 3¹11132¹³3¹i⁸313¹13¹12
1651 1014 1840 1132 ⁸233ss
1856 1016 2058 1131 ’ἓξὲξ

214 1147 495 1211 pestilenti
526 1146 687 1197 odore
720 1144 1017 1197 inficiebant
1052 1146 1294 1210 (Metam,
1331 1147 1423 1197 lib.
1465 1146 1544 1209 9).
1580 1146 1662 1197 10·
1684 1153 1741 1197 et
1770 1147 1853 1197 it·
1875 1146 2056 1197 Parem

214 1213 465 1264 adhibuit
491 1212 753 1263 solertiam
772 1218 882 1263 tum
902 1212 951 1262 in
972 1212 1229 1263 domando
1246 1218 1394 1263 tauro
1414 1212 1756 1270 ferocissimo,
1777 1224 1934 1281 quem
1953 1213 2056 1263 ira-

217 1284 311 1331 tus
347 1280 621 1343 Neptunus
652 1278 703 1327 iu
740 1278 945 1329 Graeciae
979 1278 1182 1329 cladem
1215 1283 1486 1329 creaverat
1513 1294 1526 1327 ι
1554 1283 1666 1327 tum
1686 1277 1739 1326 in
1763 1277 2056 1329 auferendis

224 1344 402 1394 aureis
420 1343 762 1405 Hesperidum
787 1344 980 1407 pomis.
1010 1348 1066 1393 et
1090 1342 1338 1406 sopiendo
1378 1342 1622 1408 pervigili·
1649 1342 1900 1399 dracone,
1939 1344 2056 1395 illo·

234 1420 353 1459 rum
378 1410 622 1467 custode;
659 1410 756 1460 hoc
790 1410 843 1459 in
878 1409 1059 1459 labore
1094 1408 1384 1473 adiutorem
1410 1408 1663 1459 Atlantem
1697 1407 1902 1463 babuit.
1935 1410 2053 1471 qui.

236 1472 359 1525 dum
393 1488 547 1539 poma
574 1474 851 1539 colligebat
885 1475 1159 1532 Hercules.
1199 1475 1390 1525 coelum
1415 1474 1646 1525 humeris
1674 1472 1811 1525 tulit.
1844 1474 1926 1524 12·
1952 1476 2056 1525 Sed

229 1540 509 1591 maximum
534 1543 761 1591 omnium
780 1541 1129 1605 periculorum
1146 1539 1274 1591 adiit
1289 1540 1344 1591 in
1366 1540 1637 1592 educendo
1655 1540 1722 1591 ab
1740 1538 1918 1590 inferis
1935 1542 2056 1593 Cer-

221 1606 357 1657 bero
392 1607 632 1669 metam..
666 1608 759 1657 lib.
794 1608 869 1669 9),
906 1619 1026 1657 cum
1063 1620 1170 1671 quo
1210 1608 1466 1659 Theseum
1509 1606 1732 1659 amicum
1774 1618 1954 1670 suum,
1983 1608 2057 1659 ibi

218 1674 456 1723 'vinctum
473 1709 485 1725 .
510 1672 705 1737 pariter
728 1672 923 1724 eduxit.
1416 1723 1429 1735 ,
1453 1721 1458 1727 .
1501 1718 1529 1737 ,,

290 1738 385 1788 His
401 1738 669 1789 laboribus
690 1738 910 1789 feliciter
932 1738 1235 1803 perfunctus
1248 1778 1262 1797 ,
1283 1740 1466 1791 orbem
1483 1743 1741 1791 terrarum
1755 1776 1769 1796 ‚
1789 1737 1854 1788 ad
1880 1737 2055 1789 levan-

218 1801 323 1854 dos
340 1804 589 1855 mortales
606 1805 761 1855 variis
778 1805 1149 1857 calamitatibus
1166 1806 1482 1857 conflictatos
1496 1843 1510 1863 ,
1532 1805 1839 1869 peragravit.
1862 1804 2057 1856 ltaliam

218 1870 389 1928 Caco,
412 1870 621 1920 Vulcani
653 1870 786 1929 filio,
822 1872 1021 1921 latrone
1052 1871 1236 1936 insigni
1254 1911 1267 1931 ,
1298 1872 1552 1923 liberavit.
1580 1870 1972 1928 Prometheum,
2003 1872 2058 1921 in

218 1935 459 1986 Caucaso
484 1937 772 2000 religatum,
794 1937 1009 1988 vinculis
1030 1941 1238 1990 exemit.
1264 1941 1491 1990 Antaeum
1507 1977 1520 1998 ,
1547 1939 1718 1989 Terrae
1741 1936 1930 1991 filium.
1951 1937 2056 1987 sin·

219 2001 401 2064 gulari
417 2003 697 2054 certamine
717 2003 1001 2066 profligavit
1020 2003 1256 2067 (Metam,
1277 2005 1372 2056 lib.
1395 2006 1468 2068 9).
1489 2006 1676 2068 Lycum
1694 2042 1707 2063 ,
1731 2005 1822 2066 qui
1835 2041 1848 2058 .
1870 2003 2058 2054 Thebis

221 2067 398 2130 captis
415 2107 428 2126 ,
468 2069 734 2120 Creontem
752 2108 766 2126 ‚
802 2081 982 2120 earum
1013 2083 1218 2134 regem.
1256 2083 1496 2122 socerum
1534 2069 1768 2122 Herculis
1785 2107 1798 2128 ,
1834 2074 1960 2120 tunc
1991 2069 2056 2120 ad

222 2132 426 2184 inferos
447 2133 693 2197 profecti,
719 2135 1074 2193 interfecerat,
1096 2137 1279 2187 merita
1301 2144 1470 2187 morte
1491 2135 1777 2188 mulctavit.
1798 2134 2057 2186 Oceanum

229 2197 288 2246 in
304 2199 499 2252 medias
516 2205 681 2250 terras
700 2200 901 2251 induxit
915 2237 929 2257 ,
951 2205 1130 2262 aperto
1146 2201 1281 2253 freto
1299 2201 1556 2264 gaditano,
1580 2201 1894 2263 duobusque
1919 2213 2060 2251 mou·

230 2263 409 2320 tibus.
441 2266 593 2328 Calpe
637 2271 691 2317 et
725 2267 913 2328 Abyla‚
948 2265 1169 2315 diductis
1199 2283 1213 2316 ε
1261 2267 1483 2328 quibus.
1515 2273 1761 2326 tanquam
1805 2267 2060 2318 columnis

226 2331 655 2394 triumphalibus,
679 2332 907 2394 elogium
924 2329 1055 2382 illud
1072 2329 1332 2394 inscripsit
1353 2348 1365 2380 :
1387 2331 1491 2381 Non
1507 2330 1627 2390 plus
1643 2329 1802 2378 ultra.
1826 2329 2059 2382 Herculis

223 2395 451 2460 gloriam
466 2397 787 2460 iniquissime
804 2397 979 2448 ferens
995 2397 1147 2456 Juno,
1169 2401 1274 2446 tam
1292 2396 1403 2446 diro
1419 2395 1598 2446 furore
1611 2393 1757 2442 illum
1776 2397 2054 2454 concussit,

222 2468 291 2512 ut
322 2463 577 2526 Megaram
597 2477 811 2516 uxorem
833 2464 1132 2526 liberosque
1152 2461 1424 2520 occiderem
1447 2473 1544 2511 nec
1557 2459 1657 2509 sibi
1675 2457 1924 2509 violentas
1942 2459 2056 2522 ipse

221 2540 337 2578 non
364 2529 622 2580 attulisset
646 2542 852 2587 manus,
883 2535 1157 2593 postquam
1186 2542 1244 2579 se
1269 2529 1335 2580 ab
1371 2528 1460 2579 illo
1487 2526 1664 2578 furore
1688 2524 1900 2586 collegit
1916 2563 1930 2581 ,
1960 2527 2056 2576 nisi

226 2605 355 2644 eum
379 2595 530 2646 amici
556 2597 899 2647 attinuissent.
920 2597 1170 2646 Victorem
1193 2600 1272 2646 tot
1293 2601 1638 2647 monstrorum
1662 2593 1816 2642 Amor
1834 2591 2058 2644 imbellis

230 2659 385 2717 vicit,
420 2674 481 2712 ac
510 2663 707 2713 servire
742 2661 964 2724 turpiter
989 2662 1279 2725 omphalae,
1314 2662 1570 2726 Lydorum
1599 2658 1795 2722 reginae
1812 2695 1826 2715 ,
1853 2659 2054 2722 coegit.

230 2725 536 2791 clavamque
576 2729 723 2786 colo.
757 2727 920 2778 leonis
952 2729 1164 2779 exuvias
1200 2729 1442 2780 muliebri
1483 2727 1628 2777 cultu
1647 2764 1660 2783 ,
1695 2729 1916 2776 mutare.
1961 2726 2059 2776 Pro

234 2789 470 2854 Deianira
512 2806 727 2858 quoque
772 2794 1015 2856 pugnavit
1048 2800 1226 2845 contra
1272 2795 1548 2845 Acheloum
1571 2829 1585 2850 ,
1623 2791 1851 2842 Thetidis
1896 2789 2058 2841 filium

224 2857 480 2973 glastum„
502 2859 595 2909 lib.
618 2861 692 2922 9).
713 2861 787 2910 Eo
812 2865 1087 2923 superato,
1111 2874 1277 2924 quum
1313 2859 1542 2924 puellam
1571 2870 1768 2922 pugnae
1791 2855 2059 2920 praemium

264 2935 447 2974 omum
468 2925 713 2984 duceret,
737 2931 1041 2976 centaurum
1070 2925 1290 2976 Nessum
1309 2964 1322 2982 ,
1349 2924 1636 2987 Deianiram
1661 2922 1929 2975 obducere
1952 2928 2062 2973 ten-

224 2993 425 3040 tantem
445 3028 459 3048 ‚
478 2991 677 3054 sagittis
717 2992 995 3042 interemit.
1038 2990 1232 3042 Nessus
1254 2991 1478 3041 moriens
1503 2995 1558 3041 et
1577 2989 1826 3040 ultionem
1860 2989 2060 3053 spirans

224 3059 430 3106 vestem
450 3095 463 3112 .
486 3069 583 3108 suo
613 3069 802 3108 cruore
816 3097 830 3116 ,
858 3057 996 3122 quod
1023 3057 1480 3120 praesentissimum
1502 3062 1616 3106 erat
1638 3067 1895 3106 venenum
1913 3091 1926 3110 .
1961 3053 2059 3105 tin·

222 3125 393 3178 etam,
420 3121 671 3184 Deianirae
690 3123 1148 3181 dedit,affirmans.
1173 3124 1216 3173 si
1241 3135 1357 3173 eam
1380 3123 1630 3172 Hercules
1649 3117 2062 3175 indueret.-l'utu·

224 3197 350 3238 rum
370 3191 433 3236 ut
448 3201 712 3252 nunquam
738 3189 889 3240 aliam
911 3194 1111 3240 amaret
1128 3189 1373 3252 (Metam.
1396 3189 1484 3238 tib.
1507 3188 1580 3249 9).
1603 3184 1842 3248 Deianira
1859 3189 2060 3236 vestem

224 3251 541 3303 sacrificanti
571 3255 625 3304 in
656 3255 769 3304 OEta
805 3260 983 3306 monte
1023 3253 1234 3304 Herculi
1269 3254 1424 3304 misit.
1465 3253 1556 3302 Vix
1588 3250 1829 3301 induerat
1846 3289 1859 3308 ,
1897 3261 2060 3314 quum

222 3317 475 3370 intestino
508 3325 780 3385 correptus
810 3321 952 3383 igne.
986 3320 1039 3370 in
1077 3332 1257 3385 pyram
1292 3332 1350 3369 se
1381 3315 1602 3381 coniecit
1619 3355 1633 3375 ,
1671 3329 1838 3381 eaque
1869 3315 2060 3368 contla&

222 3383 400 3446 gravit
416 3385 655 3447 (Metam,
679 3386 771 3438 lib.
791 3386 866 3450 9).
885 3388 1043 3437 Antea
1059 3391 1232 3436 tamen
1251 3386 1462 3448 sagittas
1480 3397 1618 3442 suas,
1653 3383 1839 3448 ilydrae
1858 3382 2060 3456 lernaete

224 3449 481 3514 sanguine
506 3451 733 3504 imbutas
751 3491 767 3512 .
794 3453 909 3506 sine
933 3452 1126 3518 quibus
1144 3450 1361 3514 Troiam
1397 3451 1511 3514 capi
1540 3463 1644 3502 non
1679 3461 1832 3516 posse
1865 3449 1920 3499 in
1945 3445 2044 3496 t‘at'·
