2317 3850
944 116 1170 162 omnim
1208 118 1364 160 unt-:n
1401 120 1466 162 n.

1045 410 1194 469 ODE
1252 414 1368 470 VH.

987 551 1085 609 Ad
1120 555 1420 608 Licinium.

660 705 789 744 Animi
810 706 1058 751 equabilitas
1076 708 1117 744 in
1134 710 1306 752 utraque
1334 707 1494 744 fortuna
1516 707 1736 746 retinenda.

564 817 793 874 Rectius
818 817 1003 882 viveS,
1031 816 1245 885 Licini,
1275 831 1456 888 neque
1485 817 1660 875 altum

567 889 793 958 Semper
817 888 1100 959 urgend03
1129 903 1336 958 neque,
1363 890 1496 946 dum
1528 890 1802 958 procellas

567 957 781 1016 Cautus
809 959 1115 1027 horresciS‚
1151 961 1384 1017 nimium
1415 960 1713 1030 premendo

780 1031 969 1087 Littus
994 1031 1272 1101 iniquum.

345 1104 383 1162 5
566 1100 803 1170 Auream
837 1102 1101 1171 quisquis
1130 1101 1567 1158 mediocritatem

565 1170 795 1240 Diligit,
820 1177 979 1226 tut-us
1003 1179 1153 1228 caret
1178 1173 1417 1230 obsoleti

567 1241 844 1300 Sordibus
871 1243 1001 1298 tecti
1020 1285 1036 1310 ,
1070 1251 1222 1299 caret
1247 1243 1546 1300 invidenda

779 1313 1015 1368 Sobrius
1046 1315 1196 1369 aula.

564 1383 781 1452 Saepius
806 1385 988 1440 ventis
1016 1385 1262 1454 agitatur
1283 1384 1485 1454 ingens

328 1457 387 1518 10

565 1453 777 1520 Pinus3
804 1457 859 1509 et
890 1455 1051 1510 celsae
1078 1455 1334 1524 graviore
1355 1469 1488 1510 casu

564 1523 840 1580 Decidunt
870 1530 1085 1593 turres3
1111 1523 1433 1595 feriuntque
1460 1539 1710 1582 summos

774 1594 1031 1650 Fulmina
1060 1600 1300 1652 montes.

564 1667 763 1736 Sperat
793 1663 1044 1734 infestiS,
1077 1668 1277 1722 metuit
1303 1667 1568 1723 secundis

565 1735 812 1792 Alteram
844 1742 1050 1791 sortem
1073 1737 1214 1792 bene
1241 1744 1613 1807 praeparatum

317 1811 386 1872 15

564 1806 769 1864 Pectus
794 1825 807 1859 :
834 1805 1101 1863 informes
1124 1808 1338 1864 hiemes
1367 1809 1584 1866 reducit

776 1876 1033 1947 Jupiter,
1066 1878 1211 1938 idem

566 1948 884 2005 Submovet.
912 1950 1033 2005 Non
1057 1992 1072 2017 ‚
1105 1951 1153 2005 si
1183 1951 1325 2007 maie
1356 1964 1532 2015 nunc,
1562 1954 1620 2007 et
1646 1952 1780 2008 olim

566 2020 658 2076 Sic
687 2018 815 2075 erit.
840 2018 1129 2087 Quondam
1160 2022 1374 2077 cithara
1397 2026 1666 2078 tacentem

569 2091 818 2149 Suscitat
839 2104 1051 2146 musam
1072 2134 1085 2156 ‚
1116 2106 1298 2162 neque
1321 2106 1537 2163 semper
1563 2106 1753 2149 arcum

313 2165 388 2225 20

333 2314 375 2347 1.
402 2304 588 2346 Rectius.
608 2307 839 2345 Prudentius
861 2306 1042 2349 adeoquo
1064 2307 1169 2341 tran·

276 2363 443 2411 quimus
455 2364 497 2399 et
507 2361 671 2398 felicius.
689 2363 727 2398 Is
742 2360 817 2397 tuit
830 2360 954 2396 trater
964 2358 1172 2403 Terentiae,

276 2416 419 2454 uxoria
441 2415 685 2459 ltaecenatia,
710 2417 751 2450 et
774 2412 977 2457 Proculei,
1014 2410 1065 2447 de
1090 2419 1172 2455 quo

276 2468 431 2508 mentio
454 2468 499 2504 nt
519 2468 597 2509 ode
625 2472 646 2504 2
676 2468 795 2511 hujus
824 2466 931 2503 iibri.
955 2483 1004 2491 —
1028 2462 1174 2501 Altum

275 2518 483 2571 urgendo.
508 2521 547 2557 Si
574 2521 703 2558 navim
735 2519 775 2555 ln
809 2518 983 2555 medium
1014 2520 1055 2553 et
1084 2526 1173 2559 pro·

274 2572 447 2613 {undum
463 2582 573 2611 mare
596 2572 817 2619 propellas,
843 2571 883 2608 ld
906 2574 988 2617 est,
1020 2570 1175 2609 excelsa

278 2634 322 2667 et
354 2628 565 2671 magnilica
592 2625 853 2671 consecteris,
884 2624 1055 2662 honores
1084 2632 1170 2662 am·

278 2682 390 2727 hias,
408 2685 486 2719 etc.
663 2692 681 2708 .

333 2740 373 2771 2.
402 2730 634 2771 Procetlas.
649 2732 695 2769 ld
712 2733 792 2777 est,
809 2730 1007 2776 pericula,
1028 2732 1172 2775 qulbus

282 2786 450 2825 honores
471 2786 625 2830 obsepti
643 2787 750 2823 sunt.

338 2844 375 2878 8.
401 2836 655 2877 Premenao.
687 2837 867 2880 Legendo
881 2864 891 2883 ,
924 2836 1166 2881 stringendo.

333 2895 374 2931 b.
401 2890 613 2940 imquum.
632 2892 847 2937 Asperum,
876 2890 1165 2939 periculosum,

280 2944 333 2985 ob
348 2946 452 2984 vada
474 2948 517 2982 et
534 2952 644 2981 saxa.

332 3002 373 3037 ὅ.
400 2997 606 3035 Auream.
624 2996 852 3040 Pulchram,
874 2995 1105 3041 pretiosam.

333 3055 373 3089 ⁸.
404 3050 548 3088 Tutus.
566 3050 723 3087 scilicet
742 3050 793 3087 ab
809 3050 998 3092 egestate.
1011 3067 1067 3077 —
1082 3045 1167 3086 Ga·

275 3107 343 3142 ret
362 3101 554 3150 obsoleti,
573 3106 654 3141 etc.
675 3102 744 3139 iile
763 3103 927 3139 domum
948 3110 1028 3138 non
1050 3102 1172 3139 habet

273 3158 481 3195 sordidam
494 3184 504 3201 ,
524 3159 568 3193 et
580 3156 799 3199 neglectam
815 3183 825 3200 ,
840 3164 969 3199 neque
986 3156 1109 3192 altam
1128 3157 1172 3192 et

274 3210 551 3256 magnificam,
569 3210 635 3247 cui
652 3210 823 3246 invidere
840 3209 991 3254 possit:
1015 3209 1071 3245 alc
1094 3208 1172 3245 ista

274 3272 350 3302 nn
376 3264 595 3300 sobrietate
621 3270 669 3300 ac
694 3262 955 3307 temperantia
978 3264 1169 3307 praeatat,

276 3320 321 3355 nt
340 3326 415 3355 noc
440 3316 616 3361 inopiam
632 3324 705 3353 nec
720 3315 907 3352 invidiam
924 3313 1169 3352 reformidet.

329 3372 371 3407 ο.
400 3366 589 3408 Sobrius.
610 3369 691 3407 sibi
713 3371 949 3415 temperans.
972 3386 1021 3395 -
1040 3364 1171 3406 Aula.

270 3422 439 3462 mu
459 3422 690 3470 splendmla.

777 2160 981 2217 Tendit
1011 2160 1232 2231 Apollo.

1283 2312 1351 2346 12.
1379 2306 1595 2345 Fulmina.
1623 2310 1700 2347 Alii
1722 2310 1859 2355 legunt
1876 2307 2053 2360 sulpura

1286 2371 1350 2406 18.
1379 2366 1553 2417 Sperat,
1577 2374 1658 2408 etc.
1677 2374 1817 2409 Pectus
1833 2373 1934 2410 bene
1961 2382 2119 2420 praepa-

1227 2424 1382 2467 ratum,
1399 2423 1440 2459 id
1459 2426 1542 2467 est,
1577 2424 1753 2472 animus,
1783 2426 1864 2463 aive
1885 2426 2007 2463 homo
2025 2453 2034 2471 ‚
2069 2428 2123 2465 ad

1229 2478 1437 2520 utramque
1456 2476 1655 2513 fortunam
1679 2481 1935 2524 comparatus
1948 2505 1958 2522 ,
1979 2480 2120 2517 mode·

1227 2531 1338 2565 ratus
1368 2532 1408 2565 et
1447 2530 1625 2575 sapiens,
1659 2530 1701 2567 ln
1735 2532 1854 2569 rebus
1893 2531 2047 2569 infestis
2083 2535 2126 2570 et

1229 2581 1401 2619 adversis
1419 2586 1551 2629 sperat
1568 2583 1733 2621 alteram
1749 2587 1898 2623 sortem
1909 2610 1920 2630 ‚
1941 2584 2019 2621 hoc
2035 2588 2098 2621 est
2109 2612 2123 2631 ,

1226 2633 1430 2673 fortunam
1464 2645 1719 2685 prosperam,
1761 2640 1802 2675 et
1837 2639 1876 2675 ln
1913 2638 2123 2685 secundis,

1226 2690 1366 2726 metuit
1383 2690 1550 2727 alteram
1567 2694 1716 2728 sortem
1727 2718 1738 2739 ,
1758 2701 1900 2739 nempe
1918 2691 2123 2730 fortunam

1225 2742 1452 2789 adversam;
1481 2753 1611 2789 eoque
1640 2754 1684 2784 se
1715 2749 1824 2785 metu
1855 2746 1908 2788 ab
1935 2744 2123 2785 insolenti

1224 2795 1364 2835 letitia
1385 2801 1596 2843 temperat.

1281 2861 1346 2895 17.
1376 2856 1612 2897 Submovet.
1653 2862 1803 2907 Abicit,
1825 2861 2012 2908 adducit,
2033 2870 2124 2899 mo-

1225 2911 1390 2949 cedente
1410 2921 1514 2950 vero.
1533 2930 1582 2939 —
1599 2911 1708 2960 Non,
1729 2913 1788 2962 ai,
1811 2918 1894 2952 etc.
1915 2915 1954 2952 si
1973 2919 2036 2953 est
2054 2915 2126 2952 tibi

1220 2964 1324 3001 maie
1339 2973 1466 3009 nunc,
1487 2974 1567 3002 non
1584 2967 1662 3010 alo,
1685 2967 1723 3004 id
1751 2970 1835 3013 est,
1865 2977 1946 3005 non
1975 2968 2124 3005 eodem

1219 3017 1364 3063 modo,
1393 3026 1473 3055 non
1499 3019 1594 3055 item
1617 3020 1720 3059 maie
1735 3022 1812 3058 orit
1850 3020 1947 3058 olim
1962 3047 1973 3067 ,
2007 3020 2050 3057 td
2067 3022 2130 3057 eat

1218 3074 1360 3115 postea
1372 3098 1382 3115 ,
1404 3069 1444 3107 ln
1461 3074 1682 3116 posterum.

1282 3141 1348 3175 18.
1375 3134 1613 3186 Quondam,
1647 3145 1731 3178 ecc.
1762 3138 1904 3185 Apollo
1927 3148 2008 3177 non
2027 3148 2130 3178 uem·

1219 3199 1293 3236 per
1303 3192 1502 3229 exitialem
1511 3201 1648 3229 arcum
1666 3193 1813 3237 tendit,
1829 3194 1876 3229 ut
1887 3192 2123 3232 nominibus

1217 3247 1372 3289 pestem
1390 3247 1432 3281 et
1447 3245 1712 3283 calamitatem
1735 3246 1950 3293 immittat;
1973 3246 2043 3284 aed
2064 3247 2124 3284 in-

1223 3297 1381 3334 tei-dum
1397 3297 1553 3335 cithara
1568 3298 1692 3337 canit.

1295 3371 1362 3405 to.
1404 3367 1630 3409 Tac-entem
1669 3378 1852 3410 mmm.
1901 3372 2129 3411 luterni-na

1223 3422 1418 3461 carmina.
