2317 3850
786 80 856 123 m·
892 80 1159 123 nuncians
1194 80 1458 125 ror-rucis,
1839 63 2062 140 xm!

148 161 352 228 Apollo
368 198 384 218 ‚
418 171 453 209 a
477 154 695 221 virginis
728 162 876 220 patre
896 161 1071 207 oratus
1089 195 1101 214 ,
1127 156 1358 207 immissa
1380 160 1528 219 peste
1551 155 1842 207 Graecorum
1869 171 2022 208 exer-

144 232 327 282 citum
356 225 736 291 populabatur,
767 235 924 285 quam
943 229 1001 272 ut
1030 223 1252 273 Achilles
1277 227 1560 276 averteret,
1593 224 2024 286 Agamemnonem

146 294 343 357 coegit
379 291 619 355 puellam
646 288 847 351 parenti
869 288 1107 339 reddere.
1133 290 1478 351 Agamemnon
1494 326 1506 345 ,
1537 288 1797 339 iracundia
1824 290 2021 348 elatus.

148 359 467 411 Briseidem
492 354 719 406 vicissim
743 354 921 403 Achilli
940 354 1148 417 eripuit.
1172 354 1418 411 AchilleS‚
1437 354 1675 416 injuriam
1695 367 1799 405 nou
1819 354 2020 417 ferens,

144 425 382 478 inclusit
402 435 467 473 sc
496 420 750 478 tentorio.
782 420 1091 483 Graecosque
1110 420 1340 484 Trojanis
1358 419 1704 483 profligandos
1739 421 1974 483 permisit
2001 437 2019 473 t

146 505 309 544 arma
344 501 451 541 sua
477 488 732 538 duntaxat
754 487 1012 537 concessit
1040 486 1302 539 Patroclo,
1344 486 1533 549 quihus
1555 485 1648 535 ille
1683 486 1920 543 indutuS.
1967 492 2024 537 et

150 560 458 609 Hectorem
477 565 637 604 ausus
656 554 931 609 lacessere,
944 552 1011 603 ab
1026 552 1118 602 illo
1136 552 1386 602 sternitur
1406 552 1653 615 (Mettum,
1667 551 1760 602 lib.
1777 552 1858 614 13)
1869 588 1880 602 .
1893 552 2024 605 Tum

152 637 295 679 vero
314 620 549 672 Achilles
573 618 857 670 ulciscendi
878 617 1024 668 amici
1049 630 1202 667 causa
1223 618 1421 668 bellum
1441 617 1679 682 repetiit,
1719 619 2020 670 Hectorem·

155 704 279 755 que
306 699 505 739 caesum
528 691 613 737 ter
637 685 776 736 circa
792 697 970 737 muros
994 684 1139 736 urbis
1155 684 1392 749 raptavit.

694 860 857 909 cunr
887 858 1026 910 XXV.
1053 858 1230 910 ‘raom
1258 871 1512 910 uernum.

228 999 487 1053 Hectoris
526 1011 710 1051 necem
744 997 921 1051 clades
953 996 1349 1050 fortissimorum
1381 1012 1413 1050 e
1447 998 1678 1064 Troianis
1708 998 1898 1049 ducum
1936 1000 2024 1048 est

158 1072 479 1119 consecuta.
514 1066 717 1116 Priamo
740 1070 799 1115 et
819 1065 1043 1116 Hecubae
1079 1066 1135 1116 in
1160 1065 1571 1129 desperationem
1598 1065 1749 1123 actis,
1790 1064 2026 1129 promisit

165 1133 313 1184 Paris
328 1144 529 1185 necem
554 1131 787 1187 Achillis,
818 1143 927 1192 quo
956 1144 1059 1182 uno
1080 1132 1304 1182 maxime
1331 1132 1492 1182 Graeci
1515 1132 1738 1182 stabant.
1763 1131 2024 1197 comperit

163 1211 293 1250 eum
306 1200 606 1263 Polyxena
624 1197 811 1248 Priami
828 1197 962 1255 filiae,
986 1210 1165 1248 amore
1177 1201 1385 1260 captum
1401 1214 1414 1246 :
1437 1198 1649 1251 adduxit
1665 1198 1718 1246 in
1734 1211 1880 1261 spem
1895 1209 2022 1247 con·

160 1266 331 1329 jugii.
362 1272 449 1321 et,
471 1264 637 1328 pactis
653 1276 935 1327 paucorum
958 1263 1161 1313 dierum
1181 1264 1416 1321 induciis,
1435 1264 1486 1312 iu
1508 1264 1760 1326 templum
1779 1262 2024 1325 Apollinis

172 1332 389 1387 invitat,
412 1330 663 1394 colloquii
695 1329 955 1380 uberioris
977 1342 1148 1379 causa.
1175 1330 1322 1380 Venit
1357 1329 1602 1387 Achilles,
1623 1328 1748 1377 nihil
1775 1341 1804 1377 a
1828 1328 2026 1379 Paridis

178 1396 407 1459 perfidia
424 1403 661 1448 metucns
673 1435 687 1454 ‚
711 1410 743 1447 a
764 1408 871 1459 quo
888 1396 1071 1457 sagitta
1092 1408 1368 1458 percussus
1391 1395 1605 1445 interiit.
1625 1394 1821 1443 Caesum
1841 1393 1893 1443 in
1911 1394 2022 1445 acie

180 1462 331 1512 canit
348 1462 548 1513 Ouidius
570 1463 590 1524 (
603 1464 817 1517 Metam„
840 1462 933 1511 lib.
964 1462 1025 1511 12
1042 1463 1081 1523 ).
1110 1462 1182 1513 De
1207 1461 1347 1510 illius
1364 1461 1518 1511 armis
1538 1464 1793 1512 certatum
1819 1460 2023 1523 Ajacem

188 1527 326 1578 inter
338 1536 392 1578 et
410 1530 643 1592 Ulyssem
660 1529 899 1591 metam..
918 1528 1009 1578 lib.
1030 1528 1143 1587 13).
1164 1530 1221 1577 At
1243 1527 1420 1585 Graeci,
1434 1526 1559 1578 dolo
1575 1527 1768 1591 pariter
1789 1533 1844 1577 et
1855 1527 2024 1590 prodi-

188 1594 321 1645 tione
341 1595 677 1645 ulciscendos
696 1593 986 1657 proditores
1004 1593 1267 1651 arbitrati,
1293 1593 1518 1643 reditum
1539 1594 1590 1643 in
1613 1595 1830 1657 patriam
1843 1632 1856 1651 .
1878 1594 2024 1645 velut

178 1659 305 1711 sessi
330 1662 481 1711 bello
495 1699 509 1717 ,
532 1660 803 1717 simulant,
824 1666 881 1711 et
900 1672 1095 1723 equum
1124 1662 1382 1724 ingentem
1402 1658 1734 1715 fabricantur.
1759 1661 1909 1723 quasi
1925 1660 2022 1711 do·

176 1739 303 1777 num
330 1726 601 1790 placandae
617 1727 853 1775 Minervae
866 1765 879 1783 ,
898 1728 1048 1786 cujus
1068 1740 1262 1777 numen
1283 1739 1314 1776 a
1327 1738 1386 1775 se
1415 1725 1660 1776 violatum
1687 1726 2018 1785 dictitabant,

174 1799 329 1857 rapto
354 1806 429 1843 ex
448 1804 571 1841 arce
594 1793 789 1854 trojana
807 1793 1063 1851 Palladio.
1106 1806 1204 1844 seu
1237 1793 1476 1843 Minervae
1511 1805 1656 1843 sacra
1677 1799 1844 1844 statua
1859 1832 1871 1851 ,
1915 1806 2022 1855 qua

172 1859 353 1921 ‘rrojae
377 1856 543 1906 fatum
562 1862 615 1907 ct
626 1858 841 1908 felicitas
858 1859 1107 1911 contineri
1129 1859 1426 1923 putabatur.
1450 1859 1651 1922 Equum
1677 1859 1728 1908 in
1748 1860 1919 1911 littore
1942 1872 2022 1911 re·

176 1924 363 1976 lictum
378 1963 392 1981 ,
421 1922 607 1974 Graecis
626 1924 689 1974 ad
704 1924 925 1975 insulam
948 1923 1211 1977 Tenedum
1232 1924 1473 1989 profectis
1488 1966 1500 1984 ,
1522 1927 1726 1990 Trojani
1753 1927 1808 1976 in
1833 1927 2022 1978 urbem

182 1990 464 2049 inducunt,
498 1990 667 2040 diruta
700 2004 971 2042 murorum
996 1999 1170 2055 parte,
1198 2006 1294 2056 per
1312 2005 1468 2057 quam
1485 1993 1645 2044 Graeci
1665 2032 1678 2051 ,
1709 1999 1865 2043 noctu
1889 2007 1920 2044 e
1942 1993 2021 2043 vi·

183 2059 301 2108 cina
314 2058 487 2107 insula
502 2056 707 2107 Tenedo
719 2058 942 2115 reversi,
964 2059 1254 2114 subierunt.
1274 2066 1329 2109 et
1347 2059 1604 2110 civitatem
1623 2072 1805 2109 somno
1823 2071 1882 2109 ac
1900 2059 2021 2111 vino

186 2125 441 2186 sepultam
464 2122 825 2174 incenderunt.
850 2125 989 2173 Hanc
1006 2124 1108 2173 illis
1134 2125 1202 2174 ab
1228 2125 1382 2175 AEnea
1407 2130 1463 2174 et
1491 2129 1743 2175 Antenore
1767 2125 2022 2189 proditam

190 2185 352 2238 misse
367 2189 500 2240 fama
527 2195 626 2239 est.
653 2188 902 2252 Pyrrum,
929 2188 1134 2238 Achillis
1153 2189 1290 2240 filius
1308 2228 1322 2248 ,
1348 2190 1604 2240 Priamum
1630 2191 1696 2240 ad
1713 2190 1856 2242 Jovis
1881 2204 2020 2242 aram

178 2254 471 2319 jugulavit;
520 2255 803 2305 immolavit
842 2255 1147 2317 Polyxenam
1187 2255 1252 2304 ad
1293 2255 1524 2311 Achillis,
1551 2256 1641 2317 qui
1665 2255 1780 2316 ejus
1817 2259 2024 2318 nuptias

186 2321 474 2380 ambierat,
501 2322 757 2372 tumulum
782 2321 1023 2382 (Metam,
1050 2321 1143 2370 lib.
1173 2320 1287 2382 13).
1319 2319 1716 2370 Andromacham
1736 2357 1749 2376 ,
1787 2320 2024 2374 Hectoris

185 2388 492 2450 conjugem,
520 2387 739 2438 abduxit
770 2387 823 2436 in
852 2387 1114 2438 Graeciam.
1145 2386 1286 2436 Paris
1317 2385 1500 2447 sagitta
1535 2385 1768 2434 Herculis
1793 2399 1823 2434 a
1863 2387 2026 2440 Philo-

186 2459 327 2504 ctete
364 2453 634 2504 confossus
676 2460 774 2504 est.
804 2455 1065 2504 Menelaus
1092 2453 1338 2504 Helenam
1373 2464 1402 2501 a
1449 2450 1738 2514 Deiphobo.
1783 2452 1868 2502 cui
1906 2460 2027 2516 post-

189 2519 425 2568 Paridem
469 2518 696 2570 occisum
728 2526 998 2582 nupserat,
1037 2519 1254 2582 recepit.
1282 2519 1487 2582 Ulysses
1522 2519 1898 2580 Astyanactem‚
1930 2519 2026 2571 He-

189 2586 353 2636 ctoris
372 2584 547 2640 fllium,
563 2599 593 2634 e
608 2598 808 2636 summa
822 2586 956 2637 turri
974 2586 1321 2650 deficiendum
1339 2583 1539 2636 curavit
1552 2585 1786 2647 (Metam,
1806 2585 1899 2636 lib.
1915 2585 2021 2652 13).

194 2652 346 2714 Aiax,
377 2651 507 2702 Oilei
538 2649 700 2710 filins,
728 2651 1031 2711 Cassandra,
1071 2653 1254 2704 Priami
1287 2650 1420 2708 lilia.
1458 2657 1733 2712 temerata,
1775 2651 2023 2713 Palladis,

196 2717 345 2779 cuius
378 2718 442 2767 ad
478 2723 697 2769 statuam
731 2719 893 2770 veluti
922 2717 984 2769 ad
1014 2719 1215 2783 asylum
1243 2719 1334 2770 illa
1355 2718 1679 2782 confugerat,
1720 2719 1850 2771 iram
1876 2719 1932 2769 in
1963 2733 2024 2773 se

204 2783 471 2833 concitavit
497 2801 511 2833 :
539 2795 722 2846 quare.
744 2783 880 2835 facto
902 2783 1170 2848 naufragio
1185 2825 1198 2842 .
1225 2785 1439 2836 fulmine
1468 2786 1820 2848 conflagravit.
1841 2786 2026 2839 Classis

202 2847 489 2899 Graecorum
510 2849 575 2900 ad
606 2848 897 2912 capim-eos
938 2853 1206 2915 scopulos,
1234 2852 1418 2902 insulae
1443 2851 1676 2909 Euboeae,
1715 2853 1861 2904 allisa
1898 2854 2025 2916 (He-

201 2919 340 2968 τουπ..
356 2915 444 2964 111).
456 2916 567 2988 μ),
590 2928 827 2979 magnam
844 2923 1041 2980 partem
1062 2917 1234 2980 periit.
1253 2917 1455 2980 Nauplii
1471 2918 1690 2976 scelere,
1708 2920 1819 2982 qui,
1844 2919 2027 2972 dolens

206 2977 366 3028 filium
381 2993 526 3031 suum
555 2982 879 3033 Palamedem
906 2984 971 3034 ab
990 2984 1170 3048 Ulysse
1193 2983 1320 3034 falso
1337 2983 1554 3035 crimine
1574 2991 1869 3036 accusatum
1883 3024 1896 3045 ,
1918 2991 1975 3037 et
1995 2999 2028 3038 a

206 3044 388 3096 Graecis
412 3045 704 3098 damnatum
720 3086 733 3106 ,
762 3050 908 3112 ignes
928 3057 1208 3101 nocturnos
1229 3063 1260 3100 e
1296 3049 1534 3101 cautibus
1569 3051 1780 3108 extulit.
1809 3050 1875 3100 ad
1895 3063 2028 3114 quas

198 3111 375 3162 classis
389 3151 401 3169 .
423 3119 631 3176 portum
642 3122 751 3164 rata
768 3153 781 3173 .
798 3129 893 3178 per
914 3116 1158 3167 tenebras
1175 3121 1374 3166 temere
1391 3117 1604 3181 appulit.
1626 3115 1847 3179 Contigit
1862 3116 2028 3180 Troia

196 3177 449 3229 excidium
485 3192 620 3230 anno
660 3181 840 3232 mundi
878 3181 959 3232 bis
994 3182 1269 3232 millesimo
1295 3179 1724 3245 octingentesimo
1751 3186 2028 3246 septuage-

193 3243 349 3302 simo,
381 3257 545 3307 quum
572 3246 717 3296 Ailou
751 3248 980 3298 Hebraeis
1002 3248 1089 3310 jus
1127 3247 1346 3298 diceret.
1379 3249 1518 3299 Caesa
1541 3259 1660 3298 esse
1689 3247 2030 3312 perhibentur

196 3310 249 3361 in
274 3323 337 3361 eo
367 3309 511 3361 bello
536 3311 833 3364 Graecorum
858 3315 1150 3377 octingenta
1168 3312 1428 3374 octoginta
1451 3327 1542 3364 sex
1560 3313 1721 3364 millia
1750 3316 2028 3378 :Trojano-

195 3386 312 3428 rum
328 3388 457 3428 vcro
474 3415 489 3434 .
516 3384 635 3430 ante
652 3385 857 3445 captam
876 3380 1062 3431 urbem
1078 3417 1091 3438 ,
1114 3384 1358 3431 sexcenta
1380 3381 1708 3451 septuaginta
1725 3395 1822 3435 sex
1847 3384 2030 3436 nullia.
