2317 3850
798 63 1172 107 Epis'romnum
1209 63 1363 107 Lmen
1399 65 1441 105 1.

1929 45 2037 108 291

230 135 305 198 30
340 136 499 194 Alter
519 135 705 193 Mileti
733 141 938 193 textam
973 150 1111 192 cane
1135 138 1295 206 pejus
1327 141 1382 194 et
1408 148 1592 208 angue

339 207 560 263 vitabit
582 207 955 278 chlamydem
987 209 1260 264 morietur
1287 207 1527 278 frigore,
1561 207 1609 262 si
1640 219 1751 264 uon

337 277 649 334 Rettuleris
682 291 928 347 pannum
956 297 970 332 z
1001 277 1164 346 refer,
1195 283 1250 334 et
1281 278 1402 333 sine
1430 279 1580 333 vivat
1602 278 1849 346 ineptus.

407 347 521 404 Res
542 362 734 418 gerere
753 390 767 414 ,
802 353 858 404 et
884 355 1081 418 captos
1110 349 1404 405 ostendere
1429 348 1647 404 civibus
1672 347 1866 404 hostes
1885 389 1904 417 ,

336 418 587 488 Attingit
614 418 822 475 solium
850 418 1007 475 Jovis
1037 424 1090 475 et
1115 419 1362 476 coelestia
1394 425 1607 474 tentat:

230 487 303 550 35
339 489 703 559 Principibus
730 489 1011 558 placuisse
1034 491 1204 555 viriS,
1239 503 1348 545 non
1379 490 1572 545 ultima
1603 489 1728 544 iaus
1752 493 1859 546 est.

338 562 463 617 Non
494 560 677 616 cuivis
707 560 917 615 homini
944 562 1224 632 contingit
1251 561 1406 616 adire
1433 560 1790 616 Corinthum.

341 631 530 694 Sedit,
562 631 660 699 qui
693 630 885 686 timuit
912 645 981 688 ne
1008 645 1119 687 non
1152 633 1499 696 succederem
1529 634 1670 686 esto.

338 700 489 769 Quid
510 705 537 756 Ρ
559 701 658 771 qui
687 701 968 768 pervenit,
996 701 1204 758 fecitne
1233 702 1512 757 viriiiter?
1539 702 1694 769 atqui

339 772 446 828 Hic
465 776 573 838 est,
590 776 687 828 aut
704 785 1000 840 nusquam,
1018 773 1166 842 quod
1187 774 1513 842 quaerimus.
1535 771 1639 826 Hic
1654 786 1800 829 onus
1818 771 2036 839 horret,

232 841 307 903 40
338 843 417 898 Ut
444 842 632 912 parvis
655 842 893 907 animis,
922 850 980 899 et
1008 857 1179 913 parvo
1205 857 1438 912 corpore
1459 843 1671 911 majus:

340 911 447 968 Hic
472 912 657 979 subit,
689 918 746 969 et
772 912 1001 982 perfert.
1027 914 1140 971 Aut
1165 913 1348 970 virtus
1378 926 1576 970 nomen
1604 915 1772 969 inane
1792 917 1910 980 est,

340 983 456 1040 Aut
483 984 654 1039 decus
680 989 739 1039 et
763 985 1003 1053 pretium
1031 990 1179 1040 recte
1203 985 1345 1055 petit
1371 983 1666 1054 experiens
1690 984 1800 1040 vir.

345 1055 545 1109 Coram
570 1067 697 1123 rege
727 1067 831 1110 suo
868 1054 935 1109 de
961 1061 1287 1124 paupertate
1314 1061 1561 1110 tacentes
1579 1095 1596 1120 ,

346 1121 481 1179 Plus
503 1130 765 1194 poscente
790 1123 1004 1180 ferent:
1035 1126 1244 1198 distat,
1278 1138 1538 1181 sumasne
1566 1123 1864 1194 pudenter,

236 1193 313 1256 45
347 1192 432 1251 An
462 1195 669 1264 rapias,
700 1195 872 1264 Atqui
893 1208 1080 1252 rerum
1105 1202 1275 1265 caput
1302 1197 1408 1251 hoc
1435 1200 1582 1260 erat,
1611 1195 1706 1250 hic
1730 1195 1880 1253 fons·

347 1285 371 1312 ι
398 1265 658 1320 indotata
688 1266 825 1320 mihi
855 1279 1015 1321 soror
1040 1272 1157 1333 est,
1188 1266 1524 1335 paupercula
1553 1271 1749 1332 maier,

336 1334 416 1392 Et
440 1334 649 1392 fundus
673 1349 773 1392 nec
795 1337 1097 1392 vendibilis
1113 1378 1128 1403 ,
1160 1350 1260 1392 nec
1284 1350 1510 1406 pascere
1536 1335 1731 1392 firmus
1747 1378 1762 1402 ‚
1789 1359 1811 1384 ι

338 1405 449 1476 Qui
472 1407 641 1473 dicit,
674 1407 910 1464 clamat:
938 1430 960 1455 ι
988 1407 1209 1463 Victum
1236 1406 1382 1463 date.
1409 1430 1430 1456 ι
1462 1407 1715 1463 Succinit
1743 1407 1904 1476 alter,

342 1498 365 1524 ι
397 1476 473 1533 Et
494 1478 631 1533 mibi
660 1478 890 1535 dividuo
913 1477 1158 1534 findetur
1181 1491 1410 1534 munere
1440 1477 1674 1547 quadra.
1706 1501 1730 1528 »

224 1547 303 1610 50
334 1548 474 1616 Sed,
504 1549 710 1605 tacitus
734 1550 886 1620 pasci
916 1551 965 1605 si
991 1553 1188 1619 posset
1212 1561 1416 1605 corvus
1433 1589 1448 1616 ,
1479 1548 1708 1605 haberet

243 1711 318 1746 80.
344 1707 481 1747 Alter.
507 1710 715 1752 Diogenes.
740 1725 796 1737 —
822 1704 963 1745 Mileti
989 1709 1078 1744 tem-

182 1763 302 1799 tum.
338 1762 493 1799 unctus
510 1788 519 1806 ,
549 1762 649 1799 Aslae
676 1762 771 1798 urbs
799 1763 839 1798 in
866 1769 944 1806 qus
964 1759 1083 1805 panni

178 1813 329 1851 eximii
345 1815 593 1850 texebantur.
617 1832 665 1841 —
698 1811 813 1852 Cane
833 1814 978 1862 pejus,
1002 1816 1081 1849 etc.

176 1865 471 1910 moventium,
500 1867 542 1903 id
572 1869 655 1911 est,
674 1867 939 1904 vehementius
964 1874 1085 1910 quam

174 1919 355 1963 fugeret
379 1927 546 1962 anguem
564 1919 622 1957 vel
636 1929 797 1961 canem:
819 1928 957 1959 canem
983 1919 1085 1957 rubl-

175 1974 293 2011 dum
312 1974 383 2009 aut
400 1973 543 2010 iratum
564 1974 751 2018 intellige.

242 2037 319 2073 82.
347 2030 490 2083 Refer.
521 2035 566 2072 ld
596 2038 657 2073 est
673 2062 685 2082 ,
716 2034 860 2073 reddes
886 2034 1007 2079 igitur
1029 2034 1087 2072 illi

176 2094 388 2136 pannum.

242 2142 316 2179 88.
338 2137 415 2177 Res
426 2148 587 2187 perere.
606 2139 722 2175 nomi
739 2138 969 2181 militiaeque
989 2146 1092 2181 prm-

185 2194 301 2231 clare
331 2195 459 2237 gesta.
498 2210 553 2219 —
587 2188 741 2240 Captos
778 2188 1009 2227 ostendere.
1046 2190 1093 2227 id

183 2249 277 2293 est,
298 2244 507 2290 triumphi.

244 2308 318 2345 88.
346 2301 630 2355 Principibus.
654 2304 698 2341 td
712 2306 775 2342 est
785 2302 1090 2350 potentioribus,

181 2358 475 2399 nobilioribus.

246 2420 319 2456 80.
348 2414 480 2456 Adire
512 2414 781 2457 Corinthum.
828 2420 897 2456 Est
930 2424 1089 2463 prover-

180 2472 308 2511 bium
350 2470 615 2509 notissimum.
654 2475 777 2510 Nemo
819 2473 957 2509 urbem
985 2469 1094 2507 iliam

184 2523 538 2572 opulentissimam
570 2526 655 2563 sine
686 2525 837 2567 magnis
872 2526 1095 2569 sumptibus

186 2578 311 2616 adire
337 2578 379 2613 et
396 2577 649 2623 frequentare
670 2580 846 2624 poterat.
878 2578 953 2615 Alii
977 2576 1092 2614 intel-

186 2630 327 2674 ligunt
354 2627 478 2668 adire
518 2632 602 2669 sine
631 2632 823 2677 periculo,
862 2632 952 2669 navi
988 2630 1093 2668 inoi'-

186 2683 324 2721 tensa.
361 2682 572 2721 corinthus
602 2689 733 2722 autem
766 2689 826 2722 est
855 2686 969 2729 urbs,
998 2685 1094 2721 oiim

191 2734 472 2782 amplissima,
518 2746 622 2775 nune
659 2739 799 2783 exigua
836 2738 878 2775 tn
912 2738 1097 2775 faucibus

192 2786 338 2824 tstnml
358 2788 694 2835 Peloponnesiaci.

260 2848 337 2905 ⁸.⁷·.
355 2843 487 2889 Sedit.
505 2851 686 2889 cessavit
705 2878 715 2895 ,
734 2859 816 2888 non
843 2851 1025 2888 tentavit.
1042 2866 1097 2879 --

195 2893 287 2945 Qut
300 2899 461 2947 tumuit,
486 2907 568 2941 ete.
596 2904 668 2948 Qui
693 2904 825 2940 timuit
841 2912 890 2939 ne
912 2912 993 2939 non
1013 2902 1096 2947 pia·

192 2954 311 2989 cerat
328 2953 419 2990 viris
440 2957 705 3002 principibus,
736 2956 906 3001 quievit,
936 2956 1092 3001 pericu·

194 3002 286 3041 lum
301 3005 435 3043 tacere
454 3008 597 3047 noluit.

255 3068 320 3105 8⁸.
362 3065 570 3108 Pervenit.
602 3069 778 3116 Placuit5
812 3069 894 3109 voti
923 3076 1092 3115 compos

194 3117 329 3159 tactus
349 3124 427 3159 est.

253 3184 319 3220 8⁹.
348 3180 431 3221 Hic
457 3186 534 3221 est.
562 3184 608 3222 ld
639 3186 784 3231 agitur,
821 3184 863 3222 id
899 3184 1097 3230 quaeritur

191 3237 291 3272 uter
318 3235 439 3273 lauda
462 3236 619 3280 dignior
636 3240 710 3283 slt,
734 3240 767 3275 is
784 3239 854 3283 qut
873 3236 1098 3284 principum

190 3287 415 3337 amicitiam
442 3290 659 3335 prudenter
687 3292 783 3327 colit
802 3318 811 3335 .
846 3300 898 3328 an
932 3291 998 3327 ille
1026 3290 1098 3335 qul

192 3348 290 3377 eam
317 3341 437 3385 tussit.
472 3360 521 3371 —
556 3340 636 3380 liic
659 3352 763 3380 onus
794 3342 953 3381 horret.
985 3343 1099 3383 Alius

193 3393 259 3432 rel
273 3394 538 3441 suscipiendo
550 3395 775 3433 molestiam
790 3396 950 3442 refugit.

1192 1707 1259 1742 101.
1287 1703 1369 1743 Hie
1393 1701 1503 1743 subit
1535 1705 1580 1741 et
1607 1699 1790 1752 perfert.
1821 1697 1930 1737 Alius
1958 1703 2047 1735 rem

1136 1761 1298 1798 strenue
1315 1759 1542 1803 aggreditur
1559 1759 1600 1794 et
1617 1755 1786 1802 peregit.

1193 1813 1261 1848 102.
1288 1809 1541 1860 Est-periens.
1571 1810 1647 1856 Qui
1676 1817 1761 1846 rem
1793 1809 1876 1843 tam
1901 1801 2045 1842 difficl-

1135 1865 1238 1911 lom,
1272 1874 1392 1910 quam
1425 1863 1596 1902 difficilis
1619 1863 1680 1900 est
1707 1859 1881 1900 amicitia
1903 1857 2048 1904 prinei·

1136 1928 1258 1965 pum,
1284 1918 1454 1965 experiri
1469 1921 1513 1957 et
1528 1918 1682 1956 tentare
1709 1914 1855 1961 audet,
1875 1911 1945 1960 qui
1961 1909 2050 1949 voti

1137 1980 1309 2019 compos
1326 1974 1392 2010 sit.

1196 2038 1262 2073 bs.
1293 2032 1401 2084 Rege
1423 2044 1514 2073 suo.
1541 2035 1668 2073 Divite
1692 2042 1812 2079 quem
1833 2022 1988 2069 colunt.

1197 2098 1264 2132 bt.
1284 2094 1386 2133 Plus
1401 2098 1597 2145 poscente
1610 2124 1620 2139 ,
1648 2098 1728 2131 etc.
1750 2094 1867 2131 Plura
1883 2091 2044 2129 obtine-

1116 2147 1244 2193 ,bunt
1263 2152 1305 2185 et
1325 2149 1508 2185 auferent
1530 2148 1580 2185 ab
1608 2156 1682 2183 sno
1711 2154 1826 2190 rege,
1862 2150 1983 2189 quam
2009 2142 2044 2181 ls

1146 2201 1214 2245 qui
1233 2206 1369 2245 aperte
1389 2203 1550 2245 poscat,
1585 2207 1706 2243 seque
1725 2204 1941 2243 pauperem
1959 2204 2046 2235 esso

1144 2253 1337 2342 ἰῑυιιιιιᾶζιοῑ.
1356 2270 1411 2281 -
1431 2249 1663 2290 pudenter.
1689 2253 1862 2289 Honeste
1880 2251 1922 2286 et
1937 2256 2045 2287 vero-

1203 2368 1267 2403 !05.
1311 2363 1484 2415 Raptus.
1529 2369 1775 2409 Extorquens
1810 2362 2046 2409 importunis

1145 2420 1345 2465 precibus.
1365 2438 1417 2447 —
1436 2416 1592 2456 Rerum
1614 2420 1765 2465 capue,
1793 2420 1874 2454 ecc.
1903 2418 1947 2454 ln
1969 2416 2048 2453 hoo

1146 2474 1313 2509 vertitur
1330 2481 1396 2510 ars
1416 2472 1485 2509 ilia
1498 2500 1508 2517 ,
1539 2472 1590 2508 de
1612 2478 1692 2515 qua
1718 2470 1783 2507 hio
1803 2469 1972 2515 agimus.
1993 2486 2044 2496 —

1148 2523 1273 2563 Erae.
1300 2528 1373 2563 Pro
1392 2527 1467 2563 est.
1615 2536 1622 2545 ·

1203 2590 1270 2624 47.
1298 2584 1483 2623 Poscere
1508 2579 1669 2633 firm‘us.
1700 2584 1776 2629 Qui
1803 2591 1886 2621 non
1909 2581 2048 2620 firmos

1148 2644 1192 2678 et
1211 2642 1438 2678 constantes
1458 2640 1674 2685 proventus
1698 2638 1842 2681 quibus
1877 2643 2020 2681 pascar
2033 2662 2045 2681 ,

1148 2694 1284 2739 effert,
1323 2693 1395 2732 sed
1428 2692 1550 2730 modo
1583 2690 1778 2727 secundus
1802 2693 1888 2733 est,
1924 2689 2048 2727 modo

1148 2747 1311 2785 sterilis.
1333 2748 1409 2793 Qui
1427 2756 1508 2784 non
1530 2744 1673 2783 suffieit
1692 2744 1743 2781 ad
1762 2752 1826 2781 me
1843 2742 2047 2781 alendum.

1207 2810 1274 2846 ¹08.
1317 2804 1400 2855 Qui
1447 2804 1576 2852 dicit,
1615 2807 1696 2842 etc.
1741 2803 1816 2849 Qui
1861 2803 1918 2840 stc
1956 2811 2050 2841 oum

1150 2869 1226 2899 suo
1245 2870 1338 2906 rege
1369 2861 1550 2905 queritur
1567 2886 1576 2903 ‚
1618 2859 1748 2895 habeo
1781 2864 1960 2895 sororem
1979 2865 2050 2894 nu·

1150 2914 1294 2959 bilem,
1327 2914 1398 2951 sed
1430 2915 1632 2950 carentem
1665 2911 1786 2956 dote,
1819 2914 1898 2948 etc.
1933 2904 2047 2956 Qua·

1150 2963 1254 3013 dra,
1277 2969 1323 3003 nt
1348 2967 1412 3004 hic
1443 2966 1636 3009 sumitur,
1672 2966 1734 3001 est
1754 2972 1876 3008 senus
1915 2962 2046 3007 quod-

1150 3018 1245 3056 dam
1273 3019 1467 3064 piacentoe
1495 3021 1566 3056 aut
1596 3016 1736 3062 panis,
1769 3016 1841 3061 qui
1873 3018 2051 3060 quatuor

1152 3071 1195 3107 in
1222 3077 1354 3116 partes
1401 3072 1537 3109 leviter
1567 3070 1610 3107 iu
1640 3069 1791 3107 extima
1836 3067 2047 3114 superlicio

1150 3124 1298 3161 divisus
1327 3127 1428 3162 erat.

1207 3187 1275 3221 ⁸0.
1311 3180 1488 3222 Corvus.
1529 3183 1659 3227 Fingit
1691 3184 1859 3227 AEsopus
1888 3188 2049 3219 corvum

1151 3237 1384 3280 gestientem
1404 3264 1414 3283 ,
1454 3236 1564 3282 qnod
1611 3244 1773 3273 caseum
1817 3235 2046 3281 repetisset,

1153 3290 1207 3327 ab
1241 3290 1379 3328 avibus
1433 3288 1797 3335 supervenientibus
1818 3312 1830 3333 ,
1877 3289 1967 3325 orla
1996 3286 2048 3325 de

1152 3351 1272 3381 caseo
1303 3344 1390 3381 rixu
1434 3343 1668 3382 mulctatum
1701 3343 1745 3379 et
1776 3342 1892 3387 parta
1932 3340 2055 3388 danis

1152 3396 1370 3443 spoliatum
1388 3395 1526 3436 tuisse.
