2317 3850
873 53 1181 99 sirmeum
1220 56 1374 99 tinen
1410 57 1452 99 t.
1982 44 2080 107 187

387 134 481 191 Sic
507 132 603 203 qui
625 131 939 202 promittit,
965 132 1142 197 civeS,
1167 132 1362 188 urbem
1388 132 1497 199 sibi
1524 147 1671 190 curae
1688 117 1719 201 ,⁵

275 206 352 268 35
386 203 690 274 Imperium
717 201 864 269 sore,
895 208 951 259 et
979 203 1196 260 ltaliam
1215 244 1231 270 ,
1264 209 1321 260 et
1346 203 1579 259 delubra
1601 204 1864 274 deorum3

386 275 512 345 Quo
539 279 696 345 patre
720 272 798 329 sit
829 278 997 330 natus
1016 315 1031 340 ,
1059 287 1193 331 num
1223 274 1416 347 ignota
1440 279 1613 331 matre
1638 274 2000 349 inhonestuS,

383 344 595 403 Omnes
619 343 886 401 mortales
915 358 1112 401 curare
1139 348 1196 401 et
1258 358 1466 401 uaerere
1492 345 1665 417 cogit.

385 446 458 460 --
481 415 638 473 Tune
662 415 787 486 Syri
804 456 822 483 ,
851 415 1067 484 Damae,
1099 420 1198 473 aut

1273 415 1455 485 ionysi
1486 415 1669 483 tilius,
1696 416 1871 475 audes

384 487 636 557 Dejicere
664 499 694 541 e
721 499 855 543 saxo
881 487 1032 543 cives
1049 524 1064 551 ,
1087 492 1187 544 aut
1215 486 1436 543 tradere
1460 484 1671 545 Cadmo
1692 492 1719 543 ἱ)

271 559 351 619 40
385 588 458 600 -
477 557 552 614 At
577 558 792 613 Novius
819 555 1032 627 collega
1052 557 1234 629 gradu
1256 562 1387 627 post
1412 569 1498 613 me
1530 558 1686 615 sedet
1710 572 1823 615 uno
1851 575 1867 613 ε

387 632 640 697 Namque
653 633 744 683 est
759 626 874 695 ille,
890 634 1044 711 pater
1059 629 1209 697 quod
1226 633 1345 685 erat
1358 628 1735 687 meus—Hoc
1751 629 1854 686 tibi
1868 628 2082 688 Paulus

385 700 463 757 Et
483 699 726 755 Messala
741 698 946 755 videris
959 702 986 754 ἐ’
1003 699 1076 756 At
1093 698 1214 766 hic,
1236 698 1286 755 si
1308 698 1561 769 plaustra
1584 700 1825 757 ducenta
1846 743 1860 767 ,

388 772 857 840 concurrantque
881 768 1004 828 foro
1027 769 1134 827 tria
1155 767 1384 836 funera,
1414 783 1617 841 magna
1646 771 1903 839 sonabit,

387 841 613 901 Cornua
642 842 792 911 quod
823 840 1118 912 vincatque
1143 839 1308 897 tubas
1334 862 1349 897 ι
1378 841 1575 897 saltem
1600 847 1754 899 tenet
1779 843 1885 899 hoc
1912 854 2037 899 nos,

273 912 352 972 45
459 912 622 969 Nunc
645 911 714 967 ad
745 924 831 968 me
856 912 1048 979 redeo,
1077 910 1343 969 libertino
1369 915 1528 981 patre
1554 917 1744 969 natum
1764 953 1781 983 ,

388 982 564 1052 Quem
593 982 804 1039 rodunt
819 995 1014 1039 omnes
1044 982 1311 1039 libertino
1328 987 1487 1053 patre
1510 987 1703 1041 natum
1723 1026 1737 1053 ,

388 1056 552 1110 Nunc
569 1095 584 1121 ,
610 1054 746 1123 quia
765 1094 780 1121 ,
810 1051 1112 1121 MaecenaS,
1135 1052 1243 1109 tibi
1266 1066 1393 1110 sum
1407 1054 1724 1121 convictor-3
1754 1059 1814 1111 at
1840 1054 1974 1113 olim
1992 1095 2010 1123 ,

388 1125 552 1189 Quod
577 1124 717 1180 mihi
745 1129 965 1195 pareret
991 1124 1136 1195 legio
1164 1137 1393 1181 romana
1416 1125 1670 1182 tribuno.

389 1195 680 1252 Dissimile
697 1194 804 1252 hoc
828 1193 914 1251 illi
934 1198 1058 1251 est:
1091 1194 1225 1265 quia
1250 1208 1363 1251 non
1382 1236 1399 1262 ,
1428 1200 1493 1252 ut
1518 1193 1687 1253 forsit
1708 1196 1977 1253 honorem
1993 1237 2008 1263 ,

281 1268 356 1329 50
389 1267 528 1323 Jure
557 1266 695 1323 mihi
731 1266 976 1323 invideat
997 1266 1215 1336 quim,
1238 1265 1393 1321 itate
1416 1279 1643 1337 quoque
1664 1267 1937 1335 amicum,

391 1338 707 1395 Praesertim
734 1340 958 1394 cautum
985 1337 1191 1407 dignos
1217 1350 1503 1393 assumere
1520 1379 1535 1404 ,
1564 1352 1731 1409 prava

392 1408 713 1467 Ambitione
740 1407 957 1479 procul.
983 1406 1221 1465 Felicem
1240 1406 1422 1464 dicere
1448 1421 1560 1465 non
1590 1406 1697 1465 hoc

395 1480 486 1536 Me
510 1493 740 1551 possum
769 1493 905 1535 casu
922 1519 938 1545 ,
966 1479 1117 1550 quod
1146 1482 1202 1535 te
1229 1479 1468 1535 sortitus
1486 1478 1724 1534 amicum
1750 1496 1766 1534 ε

393 1550 562 1607 Nulla
590 1550 794 1608 etenim
822 1549 960 1605 mihi
990 1556 1045 1606 te
1075 1548 1196 1606 fors
1224 1549 1449 1606 obtulit.
1482 1548 1747 1619 Optimus
1770 1548 1905 1605 olim

284 1628 360 1688 55
395 1622 696 1693 VirgiliuS,
725 1619 1029 1693 posthunc
1053 1609 1263 1677 Varius
1282 1660 1297 1686 ,
1316 1619 1509 1676 dixere
1536 1619 1673 1690 quid
1698 1634 1899 1677 essem.

394 1694 472 1749 Ut
497 1692 623 1751 veni
651 1704 836 1749 coram
855 1733 870 1759 ‚
905 1692 1199 1763 singultim
1222 1705 1396 1760 pauca
1421 1691 1647 1747 locutus

400 1762 618 1833 (Infans
637 1774 874 1832 namque
894 1762 1075 1834 pudor
1099 1760 1431 1832 prohibebat
1454 1760 1616 1832 plura
1641 1759 1906 1832 profari),

393 1837 522 1892 Non
539 1846 643 1906 ego
658 1846 744 1889 me
769 1833 921 1890 claro
941 1836 1132 1890 natum
1164 1838 1318 1903 patre
1333 1873 1351 1901 ,
1377 1845 1492 1890 non
1520 1846 1624 1905 ego
1647 1832 1857 1891 circum

308 2009 378 2044 38.
412 2002 529 2043 Tune
548 2033 560 2053 ‚
595 2008 680 2046 σω.
707 2007 832 2045 voces
857 2003 997 2050 populi
1010 2005 1136 2050 sunt,

253 2059 492 2104 indignantis
516 2060 714 2096 hominem
742 2057 916 2102 aliquem
929 2084 940 2103 ,
970 2058 1140 2095 obscuro

253 2112 346 2151 loco
368 2116 529 2158 natum,
555 2121 608 2150 nu
637 2111 887 2150 consulatum
910 2111 952 2147 et
971 2109 1144 2147 honores

257 2165 388 2204 evehi,
401 2183 457 2194 -
473 2161 571 2214 Syri
583 2191 594 2212 ‚
615 2168 697 2206 etc.
716 2167 858 2212 Syrus,
877 2166 1024 2207 Dama,
1045 2165 1142 2207 etc„

257 2219 424 2256 nomina
444 2221 556 2262 sunt,
577 2218 637 2256 vel
659 2217 752 2255 ficta
765 2245 775 2262 ,
797 2217 858 2254 vei
878 2222 993 2258 vern,
1013 2213 1142 2250 homi-

255 2279 359 2308 nnm
389 2269 621 2314 ignobilium
646 2283 656 2306 ι
680 2271 794 2314 vulgo
825 2268 1009 2308 solebant
1043 2267 1146 2304 servi

255 2322 325 2360 his
347 2321 574 2372 nominibus
599 2323 800 2368 appellari.

318 2376 388 2411 39.
417 2371 454 2410 Ε
468 2383 587 2412 saxo.
612 2377 772 2422 Tarpeio
785 2403 796 2422 ‚
817 2384 888 2413 seu
903 2371 1142 2418 capitolino.

257 2444 316 2458 -
345 2423 522 2466 Cadmo.
556 2431 706 2468 Nomen
741 2431 804 2466 est
841 2425 1036 2466 carnificis
1051 2452 1066 2474 ,
1099 2433 1148 2464 en

258 2484 498 2527 tempestate
515 2483 614 2520 noti.

317 2537 386 2572 ho.
413 2532 467 2572 Δε
497 2533 650 2573 Novius
669 2562 681 2582 ,
719 2538 802 2572 etc.
830 2531 1058 2578 Respondet
1081 2529 1148 2568 ille

258 2587 446 2634 ignobilis
465 2615 478 2634 ,
510 2590 597 2636 syri
619 2617 630 2634 ‚
665 2591 737 2626 aut
765 2590 899 2626 namo
932 2585 1038 2623 tilius
1059 2611 1070 2630 ,
1105 2593 1148 2622 se

259 2639 425 2688 quidem
452 2650 537 2680 esse
571 2641 806 2688 ignobilem,
829 2643 872 2678 nt
899 2639 1064 2678 Novium
1085 2640 1146 2675 tn-

258 2703 374 2741 men,
399 2695 592 2740 collegam
616 2703 754 2740 suum,
773 2702 818 2732 se
834 2701 920 2730 esse
939 2690 1146 2738 ignobilio-

259 2755 444 2786 remuno
475 2749 629 2794 gratim
657 2747 754 2794 quia
781 2746 965 2784 nimirum
985 2745 1152 2782 libertus

264 2805 346 2846 est,
373 2811 497 2848 quum
517 2803 602 2846 ipse
623 2801 675 2838 sit
697 2801 918 2838 libertinus.

322 2856 386 2892 u.
405 2850 524 2902 Quod
546 2857 657 2890 erat.
681 2853 873 2892 Nimirum
891 2852 1080 2894 libertus,
1109 2849 1152 2886 id

269 2907 350 2952 est,
371 2915 504 2944 servus
534 2906 810 2943 manumissus.
846 2923 901 2932 —
929 2901 1017 2940 Hoc
1046 2899 1146 2949 tibi,

265 2961 346 2996 etc.
381 2959 609 3004 Respondet
633 2959 845 3005 nor-atius,
895 2957 954 2994 vel
987 2955 1156 3000 quilibet

263 3010 364 3049 nlius
377 3021 402 3048 e
421 3012 589 3058 populo.
613 3012 708 3050 Ideo
723 3039 734 3058 ,
759 3013 812 3050 oh
831 3012 907 3049 noc
924 3008 997 3046 tibi
1012 3007 1154 3044 videris

259 3072 348 3102 esne
371 3063 474 3103 aiter
499 3065 644 3102 Paulus
677 3065 854 3103 AEmiiius
880 3065 953 3101 aut
975 3061 1156 3100 Valerius

259 3117 431 3156 Hestiaia
453 3117 524 3164 qui
551 3118 602 3157 de
623 3119 830 3166 republica
855 3117 1004 3164 optime
1026 3113 1157 3150 meriti

257 3169 386 3208 sunt?

319 3225 386 3262 102.
415 3221 471 3261 At
497 3221 590 3272 hio,
620 3227 703 3264 etc.
733 3224 884 3264 Saltem
911 3221 986 3259 iste
1013 3217 1159 3259 novius

260 3275 369 3312 valet
383 3284 483 3315 voce
497 3304 507 3323 ,
523 3285 613 3322 quae
632 3278 761 3324 possit
776 3283 964 3323 superare
980 3281 1159 3312 murmur

262 3327 420 3366 editum
437 3339 462 3368 u
483 3331 684 3376 ducentis,
712 3331 753 3368 id
779 3332 862 3377 est,
891 3327 1026 3366 multis
1045 3324 1159 3374 plau·

261 3383 382 3429 stris,
405 3385 447 3420 et
469 3384 573 3420 tibiis
593 3384 778 3431 tubisque
800 3383 920 3422 trium
934 3382 1134 3420 funerum.

1246 2004 1315 2040 bii.
1340 1997 1625 2040 Concurrunt.
1657 1999 1899 2038 conveniunt
1916 2025 1927 2044 ,
1972 1997 2089 2034 simui

1193 2056 1399 2094 continent
1422 2053 1540 2093 variis
1558 2061 1581 2089 e
1599 2052 1714 2090 iocis.
1740 2071 1789 2080 —
1822 2047 2007 2088 sznera.
2035 2053 2093 2088 Ea

1195 2117 1269 2154 per
1287 2108 1420 2145 torum
1452 2104 1624 2150 deduci,
1662 2105 1733 2141 uhi
1755 2104 1941 2148 ireque-..s
1966 2111 2093 2148 popu·

1197 2160 1259 2196 lus
1288 2161 1393 2206 erat,
1426 2158 1624 2196 solebant.
1652 2173 1701 2184 -
1732 2153 1891 2204 Magna
1914 2152 2091 2193 tonabit.

1197 2213 1285 2250 Alte
1303 2211 1506 2249 clamabit.
1524 2227 1581 2238 --
1597 2205 1781 2254 Somou,
1804 2205 1913 2255 quod
1932 2205 2090 2244 vincat.

1198 2267 1349 2304 Vocem
1368 2263 1545 2309 emittet,
1566 2270 1657 2306 qum
1673 2261 1825 2304 vineat,
1846 2261 1927 2296 etc.

1255 2319 1323 2354 bb.
1364 2312 1518 2353 Tabas.
1557 2315 1639 2351 111ae
1680 2314 1721 2349 in
1748 2313 1953 2349 funeribus
1984 2311 2096 2349 atini·

1199 2369 1294 2408 nitae
1307 2397 1318 2416 ,
1342 2377 1433 2406 cnm
1452 2369 1574 2413 tibiis,
1602 2369 1721 2404 cantu
1734 2393 1745 2411 ,
1766 2369 1847 2404 ete.
1864 2382 1921 2393 —
1938 2363 2089 2412 Tenet,

1199 2425 1281 2462 etc.
1305 2421 1507 2466 Delectat,
1529 2421 1652 2466 capit.

1256 2477 1323 2513 10⁶.
1353 2471 1533 2512 Rodum.
1552 2472 1751 2518 Cui-punt,
1774 2474 1977 2508 accusant.

1255 2530 1325 2566 47.
1350 2526 1407 2565 At
1422 2524 1539 2564 olim.
1559 2525 1717 2564 scilicet
1738 2522 1949 2561 rodebant.

1258 2583 1325 2620 ta.
1369 2577 1595 2625 Dissimile,
1644 2581 1726 2614 etc.
1773 2577 1859 2612 Hoc
1875 2603 1885 2621 ‚
1911 2573 2097 2613 videlieet

1200 2634 1323 2672 tuisse
1342 2634 1542 2670 tribunum
1570 2630 1797 2674 militarem,
1818 2637 1902 2667 non
1918 2632 1980 2666 est
1990 2627 2098 2666 idem

1202 2691 1325 2733 atque
1350 2686 1448 2724 illud
1461 2714 1472 2733 ,
1490 2685 1641 2724 scilicet
1662 2684 1734 2720 tibi
1753 2690 1857 2721 nune
1875 2690 1963 2720 esso
1986 2681 2101 2718 tami-

1202 2742 1345 2780 liurem
1365 2742 1407 2778 et
1428 2740 1615 2778 amicum.
1629 2735 1684 2766 —'
1702 2733 1855 2775 For-sit.
1872 2735 2071 2774 Forsitan.

1259 2799 1325 2833 ὃς.
1367 2791 1615 2832 Ambitione.
1644 2791 1802 2831 Ambitu
1817 2818 1827 2836 ‚
1861 2789 2013 2827 favore.
2044 2806 2099 2815 —

1206 2843 1404 2894 Felicem,
1432 2849 1511 2886 etc.
1536 2846 1638 2895 Quin
1659 2845 1829 2882 felicitas
1850 2842 2021 2880 iortnnae
2044 2840 2102 2878 ai-

1207 2901 1333 2938 rectns
1359 2902 1441 2947 est,
1468 2908 1550 2938 non
1575 2897 1738 2945 iudicii,
1760 2899 1802 2935 et
1827 2895 1962 2934 meriti
1986 2903 2100 2940 nm-

1206 2956 1401 2991 mentum.

1264 3009 1330 3043 tit.
1367 3002 1575 3053 optimae,
1607 3006 1687 3040 etc.
1718 3001 1928 3048 Virgilius,
1961 2999 2101 3039 Varius

1208 3059 1307 3098 oiim
1346 3057 1418 3095 tibi
1454 3056 1735 3094 renunciat-unt
1775 3053 1907 3098 qualis
1948 3061 2075 3090 essem
2088 3079 2099 3099 ,

1209 3120 1351 3157 nempe
1370 3138 1380 3156 ‚
1400 3111 1522 3156 poeta
1538 3118 1619 3145 nun
1630 3108 1761 3145 mains
1773 3133 1783 3151 ‚
1806 3109 1883 3143 eto.

1266 3167 1332 3202 σο.
1364 3160 1412 3200 Ut
1426 3159 1525 3198 veni
1534 3167 1696 3197 coram.
1711 3159 1787 3197 uhi
1807 3159 1923 3195 tunm
1940 3156 1983 3193 in
2002 3163 2098 3194 eon·

1210 3219 1391 3263 spectum
1403 3213 1550 3259 prodii.
1565 3208 1859 3260 —Sinqultim
1872 3211 2102 3256 Amputata,

1212 3271 1254 3308 et
1269 3275 1413 3315 parum
1430 3265 1685 3304 cohaerentia.

1271 3325 1337 3360 57.
1380 3318 1541 3370 Infans.
1574 3319 1651 3366 Qui
1676 3316 1759 3356 tari
1793 3315 2002 3365 prohibet,
2032 3313 2102 3362 qui

1215 3379 1349 3416 mutos
1364 3373 1509 3412 reddit.
