2317 3850
818 111 1121 156 sumnum
1159 112 1315 156 nunna
1349 114 1392 158 1.
1915 103 2013 170 181

326 191 435 248 Hic
464 201 594 260 ego,
629 192 857 258 propter
888 201 1117 258 aquam,
1148 190 1298 260 quod
1326 194 1446 246 erat
1471 189 1802 264 deterrima,
1831 197 2014 254 ventri

322 261 519 318 Indico
544 259 753 314 beilum
774 300 791 326 ,
820 263 1103 315 coenantes
1128 259 1277 316 haud
1302 261 1488 319 animo
1509 275 1672 332 aequo
1929 287 1934 296 ·

323 333 677 400 Exspectans
696 330 946 386 comites.
967 328 1092 386 Jam
1122 343 1235 387 nox
1261 331 1524 392 inducere
1553 333 1724 391 terris

218 408 289 470 10
323 403 602 467 UmbraS,
621 405 677 456 et
702 401 842 458 coelo
873 398 1182 458 diffundere
1206 401 1368 474 signa
1397 403 1658 478 parabat:

321 477 468 544 Tum
489 471 647 542 pueri
678 472 866 527 nautis
883 510 899 537 ,
930 471 1122 542 pueris
1146 473 1396 547 comicia
1419 478 1604 532 nautae

322 539 631 616 ingerere':
672 562 694 588 ι
725 540 850 598 Huc
878 542 1115 613 appelle.
1136 572 1208 583 —
1233 542 1533 601 Trecentos
1564 546 1800 614 inseris;
1829 545 1960 606 ohel

328 617 450 674 liam
474 613 617 669 satis
638 617 743 668 est.
773 635 795 661 »
827 611 973 668 Dum
994 627 1071 670 aes
1094 613 1359 686 exigitur,
1382 615 1520 685 dum,
1537 617 1685 674 mula
1711 617 1940 688 ligatur,

328 687 463 744 Tota
488 684 607 740 abit
628 683 786 738 bora.
810 679 948 739 Mali
975 683 1216 752 culiceS,
1243 698 1504 756 ranaeque
1528 687 1846 758 palustres,

230 759 295 820 15
328 758 601 814 Avertunt
624 767 875 809 somnos,
902 751 1204 812 Absentem
1228 762 1292 812 ut
1317 759 1506 814 cantat
1527 758 1759 818 amicam

326 827 507 884 Multa
533 825 793 896 prolutus
819 837 922 894 vap
962 838 995 879 a
1023 830 1194 882 nauta
1221 832 1392 896 atque
1415 828 1599 886 viator

326 898 597 957 Certatim
628 917 643 952 ι
676 895 898 952 tandem
950 909 1111 965 essus
1140 897 1382 954 dormire
1405 899 1589 956 viator

324 969 559 1038 Incipit;
588 980 653 1023 ac
684 967 869 1023 missae
901 970 1126 1036 pastum
1154 969 1464 1026 retinacula
1493 971 1658 1029 mulae

324 1041 509 1096 Nauta
536 1039 693 1108 piger
720 1050 853 1094 saxo
879 1036 1110 1107 religat,

1142 1040 1442 1110 stertitque
1468 1042 1735 1111 supinus.

216 1112 295 1174 20
326 1111 563 1178 Jamque
580 1109 701 1166 dies
720 1109 946 1174 aderat,
973 1122 1146 1177 quum
1177 1110 1258 1165 nil
1279 1111 1574 1179 procedere
1595 1112 1823 1170 lintrem

330 1181 653 1237 Sentimus:
689 1178 867 1234 donec
893 1179 1222 1236 cerebrosus
1253 1181 1481 1250 prosilit
1515 1195 1695 1249 unae,

328 1251 408 1306 Ac
433 1251 595 1307 mulae
624 1254 920 1319 nautaeque
946 1253 1114 1319 caput
1131 1292 1146 1316 ,
1175 1249 1507 1321 lumbosque
1531 1252 1751 1323 saligno

327 1322 499 1378 Fuste
526 1321 681 1378 dolat
708 1336 725 1376 ε
754 1325 956 1389 quarta
980 1320 1075 1376 vix
1100 1321 1322 1377 demum
1345 1321 1678 1406 exponimur
1694 1323 1850 1382 hora.

325 1393 443 1450 Ora
465 1405 775 1461 manusque
802 1396 901 1447 tua
928 1391 1196 1459 lavimuS‚
1227 1391 1495 1459 Feronia,
1526 1392 1772 1463 lympha.

222 1463 295 1523 25
327 1462 510 1519 Millia
538 1469 654 1519 ium
684 1463 878 1534 pransi
908 1463 1019 1518 tria
1048 1463 1298 1532 repimus
1318 1504 1334 1530 ‚
1363 1466 1529 1533 atque
1557 1465 1816 1522 subimus

328 1533 661 1602 Impositum
688 1534 840 1589 saxis
867 1532 981 1589 late
1007 1533 1382 1590 candentibus
1402 1533 1621 1591 Anxur.

329 1603 454 1659 Huc
477 1613 745 1661 venturus
768 1608 888 1660 erat
910 1602 1184 1661 Maecenas
1210 1605 1458 1674 optimus
1473 1644 1490 1672 ‚
1519 1609 1689 1676 atque

330 1674 631 1740 CocceiuS,
657 1675 818 1730 missi
848 1675 1067 1745 magnis
1099 1675 1169 1731 de
1200 1675 1368 1732 rebus
1393 1679 1632 1746 uterque

332 1743 560 1813 Legati,
591 1757 811 1800 aversos
835 1746 990 1804 soliti
1014 1758 1348 1818 componere
1370 1745 1603 1804 amicos·

166 1907 250 1947 die
272 1901 417 1941 confici
434 1900 549 1940 nolet.
568 1897 767 1940 —Minus
788 1899 947 1951 previa.
975 1900 1077 1949 Quia

163 1962 243 2000 vie.
266 1956 400 2002 Appia
413 1984 423 2002 ,
444 1956 601 1992 declivis
618 1964 835 2001 asperaque
851 1985 861 2002 ,
882 1955 1073 1994 testinan-

166 2014 296 2052 tibus
326 2011 416 2047 erat
446 2009 711 2046 incommoda.
743 2027 798 2036 —
821 2006 975 2058 Appia.
1015 2011 1077 2047 lta

169 2065 333 2108 vocata
359 2065 421 2099 est
439 2062 525 2099 iiaec
548 2064 609 2101 via
623 2090 634 2108 ‚
658 2062 709 2100 ab
741 2062 871 2107 Appio
907 2061 1075 2099 Claudio

173 2122 325 2162 coco,
366 2124 551 2161 censore,
584 2115 653 2161 qui
682 2123 773 2152 eam
805 2114 939 2160 lapide
972 2117 1074 2153 atra·

176 2173 311 2211 verat.
325 2186 381 2196 -
401 2165 568 2206 Tardis.
588 2169 747 2206 Lentius
763 2166 1075 2205 ambulantibus.

244 2225 289 2259 ·i.
311 2218 410 2259 Hic.
446 2224 493 2257 1n
522 2222 639 2268 Appii
670 2223 791 2259 Foro.
822 2238 880 2250 —
906 2217 1074 2267 Ventri,

182 2278 273 2315 eto.
298 2275 485 2313 Abstineo
504 2282 528 2311 a
546 2282 674 2312 coena.

240 2331 284 2366 8.
310 2325 436 2364 Haud
456 2324 600 2364 animo
626 2334 757 2375 oequo.
786 2328 914 2371 AEgre.

241 2384 285 2418 9.
312 2377 507 2419 Comites.
536 2383 613 2418 Eos
636 2408 647 2427 ‚
678 2379 915 2425 quibuscum
952 2381 1072 2419 Fero·

179 2434 295 2473 niam
322 2434 462 2479 cymba
494 2433 621 2470 iturus
656 2434 768 2479 erat;
798 2435 847 2469 ut
866 2430 950 2471 fleri
972 2432 1078 2470 solet

180 2487 227 2525 in
245 2487 417 2534 publicis
438 2486 635 2523 lintribus.
770 2500 775 2505 ·

240 2544 307 2578 10.
335 2536 484 2587 Siqua.
514 2539 677 2587 stelias,
698 2539 808 2583 signa
826 2536 1020 2577 coeleatia.

244 2596 309 2631 11.
333 2590 483 2630 Pueri.
512 2592 635 2630 servi.

244 2648 306 2683 12.
348 2642 561 2693 Inqerere.
603 2645 816 2691 Coeperunt
858 2644 1009 2683 affatim
1034 2647 1078 2683 et

183 2696 296 2742 large
323 2698 474 2735 dicere.
494 2715 549 2726 —-
566 2695 659 2736 Huc
684 2694 868 2747 appelle.
896 2700 982 2737 nuc
1000 2707 1071 2746 ap·

186 2750 295 2795 pltea
312 2752 491 2797 cymbam
502 2779 513 2797 ‚
535 2752 659 2789 littori
677 2753 859 2789 admove.

252 2804 317 2839 18.
344 2801 438 2841 sum
464 2802 571 2842 satis
588 2807 662 2841 eae.
691 2807 781 2841 Jam
800 2804 897 2841 satin
916 2804 1031 2841 multi
1047 2813 1074 2842 a

196 2852 298 2890 tein
312 2854 460 2892 lintrem
492 2860 585 2894 sunt
620 2858 795 2893 admissi.
814 2853 971 2893 -AEe.
1000 2860 1071 2895 Pe·

192 2906 310 2943 cunia
329 2910 453 2947 nautis
470 2910 559 2947 dari
576 2910 693 2946 solita
713 2921 723 2944 ε
742 2908 919 2946 nauium.
936 2926 987 2936 —
1001 2906 1072 2946 Li-

189 2962 332 3008 qatur.
361 2964 523 3000 Nautico
550 2962 644 2999 tune
669 2961 778 2999 lintri
794 2961 1003 3007 alligatur,
1030 2964 1077 3000 ut

192 3020 281 3050 eum
297 3015 462 3053 adversa
479 3024 586 3061 aqua
600 3016 790 3053 traheret.

243 3068 307 3103 115.
336 3066 562 3115 Avertam,
594 3072 675 3107 etc.
703 3068 823 3107 nobis
837 3066 998 3105 lintrem
1011 3066 1071 3105 in·

186 3120 344 3165 gressis.
370 3138 420 3148 —-
443 3119 507 3159 Ut.
528 3124 645 3160 Dum.

240 3176 307 3211 1⁶.
334 3171 473 3211 Multa
489 3202 499 3220 ,
522 3178 603 3213 etc.
631 3177 732 3216 vino
764 3174 871 3214 malo
895 3177 938 3213 et
963 3182 1074 3215 acet·

184 3228 299 3263 cente
316 3228 517 3274 madidus,
536 3232 655 3273 potus
672 3230 847 3276 largiter.
868 3230 953 3269 Sat·
978 3230 1077 3269 1.—

183 3272 349 3318 Va'ator.
366 3281 544 3319 subaudi
562 3282 719 3328 aliquis.

239 3335 306 3370 18.
346 3332 407 3371 Ae
437 3332 575 3372 miseoe
594 3363 605 3384 ,
641 3340 722 3375 etc.
764 3336 910 3375 uniam
954 3338 1077 3378 nauta

184 3383 300 3423 scivit
321 3412 331 3430 ‚
370 3396 541 3432 eamque
571 3388 614 3427 in
647 3390 875 3437 proximum
917 3392 1079 3439 pratum

182 3436 353 3478 dimittit
369 3442 546 3488 pastum.

1185 1905 1252 1943 1⁹.
1279 1898 1476 1955 Supinas.
1505 1905 1550 1942 ln
1573 1906 1727 1950 tergum
1739 1905 1892 1953 sacena.

1183 1960 1252 1995 81.
1278 1954 1541 1997 Ger-ebrom-
1569 1958 1817 1999 iracundior.
1836 1978 1893 1991 —
1910 1954 2015 1999 Pro-

1127 2006 1237 2048 u'ise.
1266 2012 1296 2049 B
1312 2010 1446 2050 lintre.

1179 2066 1251 2153 εἴ.
1279 2060 1470 2113 saliano.
1511 2062 1618 2102 salix
1643 2065 1766 2103 arbor
1802 2068 1900 2105 nota
1920 2092 1932 2114 ,
1961 2072 2021 2104 un

1127 2123 1180 2153 ια
1227 2124 1265 2153 e.

1183 2180 1252 2215 28.
1271 2174 1411 2218 Dolet.
1429 2178 1636 2219 verberat.
1652 2175 1877 2227 -Quarta
1891 2176 2016 2217 horu.

1128 2232 1278 2276 Nempe
1297 2234 1440 2275 quarta
1466 2234 1559 2277 post
1579 2234 1710 2269 ortum
1727 2231 1838 2268 eolis.
1854 2247 1909 2260 —
1925 2228 2017 2271 Em·

1124 2281 1342 2332 punimur.
1395 2286 1442 2322 In
1493 2284 1606 2321 littus
1674 2282 1951 2322 descendimus
1995 2293 2018 2322 e

1183 2402 1251 2438 ab.
1295 2397 1506 2439 Lacimua.
1533 2402 1592 2439 Ea
1622 2408 1698 2439 vox
1732 2399 1924 2446 temporie
1958 2403 2022 2439 eet

1128 2454 1334 2500 praesentis
1355 2481 1366 2499 ,
1401 2454 1451 2492 ab
1476 2454 1642 2499 antiquo
1657 2481 1668 2500 ,
1704 2450 1800 2491 lavo
1819 2480 1834 2501 ,
1875 2450 1986 2491 lavia
2003 2480 2016 2500 ,

1128 2503 1251 2544 lavit.
1267 2525 1324 2536 —
1339 2503 1537 2545 Feronia.
1551 2506 1731 2553 Nympha
1747 2505 1846 2553 tuit,
1860 2514 1887 2543 a
1897 2504 2019 2543 iiber·

1128 2560 1181 2597 tis
1197 2560 1400 2606 praecipuo
1420 2560 1460 2597 in
1480 2560 1632 2598 honore
1659 2559 1797 2598 habita
1812 2574 1824 2606 5
1845 2558 1888 2597 in
1903 2559 2021 2605 cuiun

1128 2613 1279 2659 templo
1315 2612 1463 2659 pileum
1478 2640 1490 2659 ,
1511 2613 1706 2652 libertatis
1725 2612 1877 2659 insigne
1892 2638 1904 2659 ,
1926 2618 2020 2650 raso

1126 2666 1260 2713 capite
1276 2694 1287 2713 ,
1315 2666 1573 2712 accipiebant.
1609 2669 1714 2705 rona
1743 2664 1802 2705 iili
1834 2664 1991 2705 dicatur
2004 2693 2017 2713 ‚

1125 2723 1169 2759 et
1185 2720 1281 2758 silva
1299 2728 1426 2767 prope
1445 2720 1696 2759 Terracinam
1715 2721 1818 2759 erat.

1180 2782 1248 2817 215.
1275 2777 1418 2818 mnia
1453 2778 1557 2819 tria.
1587 2779 1762 2819 subaudi
1785 2788 2013 2830 passuum,

1124 2834 1302 2879 spatium
1314 2836 1405 2871 sunt
1416 2832 1541 2872 lencm
1557 2832 1725 2881 gallico.
1736 2850 1793 2863 —
1801 2830 2017 2883 nepimun.

1126 2888 1241 2930 AEssre
1259 2886 1523 2925 ascendimus.

1182 2952 1250 2987 2⁶.
1278 2946 1386 2989 Late
1413 2946 1702 2989 candentibus.
1744 2952 1841 2998 Qua
1875 2950 2020 2997 procui

1129 3005 1322 3048 apparent
1335 3030 1347 3049 ,
1369 3003 1423 3042 ob
1450 3003 1663 3041 candorem
1678 3005 1722 3041 et
1745 3002 2016 3041 altitudinem.

1125 3070 1184 3083 -
1199 3052 1365 3092 Anxur.
1392 3056 1492 3093 Urbs
1507 3055 1742 3095 Volscorum
1754 3082 1766 3101 ,
1785 3055 1893 3094 dicta
1910 3064 2016 3101 quo·

1127 3114 1207 3153 quc
1223 3107 1452 3154 Terracina,
1473 3108 1517 3145 in
1532 3112 1666 3146 monte
1685 3109 1834 3154 posita.

1183 3172 1250 3207 28.
1279 3167 1494 3209 Cocceius.
1529 3166 1719 3209 cocceius
1741 3172 1890 3215 Nerva.
1914 3171 2017 3209 ner·

1126 3230 1188 3261 vm
1209 3222 1463 3268 imperatoria
1491 3230 1610 3269 avua,
1630 3222 1910 3261 celeberrimus
1927 3226 2017 3261 erat

1124 3276 1449 3323 iurisconsultus.
1464 3292 1522 3304 —
1537 3272 1702 3324 Maenia
1718 3272 1770 3314 de
1790 3272 1926 3315 rehtu.
1955 3278 2015 3315 De

1129 3330 1416 3377 componendi·
1434 3326 1587 3367 scilicet
1615 3328 1720 3367 inter
1738 3330 1957 3377 Augustum
1972 3332 2017 3368 et

1127 3384 1344 3427 Antonium
1365 3381 1555 3421 dimidiis.

1185 3446 1253 3484 aa.
1280 3440 1468 3484 Avenae.
1493 3440 1750 3483 nimmia.
