<?xml version="1.0" encoding="UTF-8"?>
<!DOCTYPE html PUBLIC "-//W3C//DTD XHTML 1.0 Transitional//EN"
    "http://www.w3.org/TR/xhtml1/DTD/xhtml1-transitional.dtd">
<html xmlns="http://www.w3.org/1999/xhtml" xml:lang="en" lang="en">
 <head>
  <title>
</title>
<meta http-equiv="Content-Type" content="text/html;charset=utf-8" />
  <meta name='ocr-system' content='tesseract 3.04.00' />
  <meta name='ocr-capabilities' content='ocr_page ocr_carea ocr_par ocr_line ocrx_word'/>
</head>
<body>
  <div class='ocr_page' id='page_1' title='image "./quintihoratiifl00jouvgoog_0219.png"; bbox 0 0 2317 3850; ppageno 0'>
   <div class='ocr_carea' id='block_1_1' title="bbox 890 129 1470 176">
    <p class='ocr_par' dir='ltr' id='par_1_1' title="bbox 890 129 1470 176">
     <span class='ocr_line' id='line_1_1' title="bbox 890 129 1470 176; baseline 0.003 -2"><span class='ocrx_word' id='word_1_1' title='bbox 890 129 1198 175; x_wconf 64' lang='lat' dir='ltr'><strong>sumanus!</strong></span> <span class='ocrx_word' id='word_1_2' title='bbox 1236 130 1390 176; x_wconf 64' lang='lat' dir='ltr'><strong>Lmen</strong></span> <span class='ocrx_word' id='word_1_3' title='bbox 1427 131 1470 176; x_wconf 78' lang='lat'><strong>10</strong></span> 
     </span>
    </p>
   </div>
   <div class='ocr_carea' id='block_1_2' title="bbox 1997 118 2100 180">
    <p class='ocr_par' dir='ltr' id='par_1_2' title="bbox 1997 118 2100 180">
     <span class='ocr_line' id='line_1_2' title="bbox 1997 118 2100 180; baseline 0.01 -1"><span class='ocrx_word' id='word_1_4' title='bbox 1997 118 2100 180; x_wconf 80' lang='lat'><strong>177</strong></span> 
     </span>
    </p>
   </div>
   <div class='ocr_carea' id='block_1_3' title="bbox 290 206 2096 778">
    <p class='ocr_par' dir='ltr' id='par_1_3' title="bbox 396 206 1968 492">
     <span class='ocr_line' id='line_1_3' title="bbox 396 206 1968 279; baseline -0.002 -8"><span class='ocrx_word' id='word_1_5' title='bbox 396 211 632 270; x_wconf 82' lang='lat' dir='ltr'>Noctem</span> <span class='ocrx_word' id='word_1_6' title='bbox 660 222 788 266; x_wconf 87' lang='lat' dir='ltr'><strong>cum</strong></span> <span class='ocrx_word' id='word_1_7' title='bbox 808 206 1133 267; x_wconf 61' lang='lat' dir='ltr'><strong>facibus-</strong></span> <span class='ocrx_word' id='word_1_8' title='bbox 1151 208 1440 278; x_wconf 82' lang='lat' dir='ltr'>Numquid</span> <span class='ocrx_word' id='word_1_9' title='bbox 1464 206 1812 279; x_wconf 77' lang='lat' dir='ltr'><strong>Pomponius</strong></span> <span class='ocrx_word' id='word_1_10' title='bbox 1840 209 1968 268; x_wconf 85' lang='lat' dir='ltr'><strong>istis</strong></span> 
     </span>
     <span class='ocr_line' id='line_1_4' title="bbox 400 279 1618 351; baseline -0.002 -11"><span class='ocrx_word' id='word_1_11' title='bbox 400 280 643 340; x_wconf 85' lang='lat' dir='ltr'><strong>Audiret</strong></span> <span class='ocrx_word' id='word_1_12' title='bbox 660 279 896 349; x_wconf 80' lang='lat' dir='ltr'><strong>leviora,</strong></span> <span class='ocrx_word' id='word_1_13' title='bbox 927 283 1083 350; x_wconf 87' lang='lat' dir='ltr'><strong>pater</strong></span> <span class='ocrx_word' id='word_1_14' title='bbox 1110 279 1161 335; x_wconf 87' lang='lat' dir='ltr'><strong>si</strong></span> <span class='ocrx_word' id='word_1_15' title='bbox 1188 279 1444 336; x_wconf 74' lang='lat' dir='ltr'><strong>viveret?</strong></span> <span class='ocrx_word' id='word_1_16' title='bbox 1467 279 1618 351; x_wconf 84' lang='lat' dir='ltr'><strong>Ergo</strong></span> 
     </span>
     <span class='ocr_line' id='line_1_5' title="bbox 397 349 1866 422; baseline -0.003 -12"><span class='ocrx_word' id='word_1_17' title='bbox 397 354 528 410; x_wconf 88' lang='lat' dir='ltr'><strong>Non</strong></span> <span class='ocrx_word' id='word_1_18' title='bbox 558 351 701 408; x_wconf 83' lang='lat' dir='ltr'><strong>satis</strong></span> <span class='ocrx_word' id='word_1_19' title='bbox 724 358 811 408; x_wconf 89' lang='lat' dir='ltr'><strong>est</strong></span> <span class='ocrx_word' id='word_1_20' title='bbox 834 351 996 422; x_wconf 89' lang='lat' dir='ltr'><strong>puris</strong></span> <span class='ocrx_word' id='word_1_21' title='bbox 1022 364 1245 407; x_wconf 83' lang='lat' dir='ltr'><strong>versum</strong></span> <span class='ocrx_word' id='word_1_22' title='bbox 1274 350 1616 420; x_wconf 87' lang='lat' dir='ltr'><strong>perscribere</strong></span> <span class='ocrx_word' id='word_1_23' title='bbox 1643 349 1866 416; x_wconf 75' lang='lat' dir='ltr'><strong>verbis5</strong></span> 
     </span>
     <span class='ocr_line' id='line_1_6' title="bbox 399 420 1881 492; baseline -0.002 -11"><span class='ocrx_word' id='word_1_24' title='bbox 399 422 579 492; x_wconf 84' lang='lat' dir='ltr'><strong>Quem</strong></span> <span class='ocrx_word' id='word_1_25' title='bbox 612 421 665 478; x_wconf 91' lang='lat' dir='ltr'><strong>si</strong></span> <span class='ocrx_word' id='word_1_26' title='bbox 696 421 1004 489; x_wconf 80' lang='lat' dir='ltr'><strong>dissolvaS,</strong></span> <span class='ocrx_word' id='word_1_27' title='bbox 1036 422 1224 491; x_wconf 88' lang='lat' dir='ltr'><strong>quivis</strong></span> <span class='ocrx_word' id='word_1_28' title='bbox 1253 420 1634 478; x_wconf 80' lang='lat' dir='ltr'><strong>stomachetur</strong></span> <span class='ocrx_word' id='word_1_29' title='bbox 1660 423 1881 489; x_wconf 86' lang='lat' dir='ltr'><strong>eodem,</strong></span> 
     </span>
    </p>

    <p class='ocr_par' dir='ltr' id='par_1_4' title="bbox 290 493 2096 778">
     <span class='ocr_line' id='line_1_7' title="bbox 290 493 1928 565; baseline 0 -15"><span class='ocrx_word' id='word_1_30' title='bbox 290 495 366 558; x_wconf 83' lang='lat'><strong>55</strong></span> <span class='ocrx_word' id='word_1_31' title='bbox 401 493 529 563; x_wconf 87' lang='lat' dir='ltr'><strong>Quo</strong></span> <span class='ocrx_word' id='word_1_32' title='bbox 558 499 894 564; x_wconf 80' lang='lat' dir='ltr'><strong>personatus</strong></span> <span class='ocrx_word' id='word_1_33' title='bbox 917 498 1079 564; x_wconf 82' lang='lat' dir='ltr'><strong>pacto</strong></span> <span class='ocrx_word' id='word_1_34' title='bbox 1110 497 1285 561; x_wconf 86' lang='lat' dir='ltr'><strong>pater.</strong></span> <span class='ocrx_word' id='word_1_35' title='bbox 1315 493 1449 559; x_wconf 86' lang='lat' dir='ltr'><strong>His,</strong></span> <span class='ocrx_word' id='word_1_36' title='bbox 1473 506 1575 565; x_wconf 85' lang='lat' dir='ltr'><strong>ego</strong></span> <span class='ocrx_word' id='word_1_37' title='bbox 1598 508 1724 563; x_wconf 80' lang='lat' dir='ltr'><strong>quae</strong></span> <span class='ocrx_word' id='word_1_38' title='bbox 1745 505 1928 561; x_wconf 90' lang='lat' dir='ltr'><strong>nunc,</strong></span> 
     </span>
     <span class='ocr_line' id='line_1_8' title="bbox 400 563 1578 635; baseline -0.004 -12"><span class='ocrx_word' id='word_1_39' title='bbox 400 565 554 623; x_wconf 86' lang='lat' dir='ltr'><strong>Olim</strong></span> <span class='ocrx_word' id='word_1_40' title='bbox 579 577 705 634; x_wconf 84' lang='lat' dir='ltr'><strong>quae</strong></span> <span class='ocrx_word' id='word_1_41' title='bbox 730 564 963 635; x_wconf 80' lang='lat' dir='ltr'><strong>scripsit</strong></span> <span class='ocrx_word' id='word_1_42' title='bbox 981 563 1266 631; x_wconf 80' lang='lat' dir='ltr'><strong>Lucilius,</strong></span> <span class='ocrx_word' id='word_1_43' title='bbox 1293 563 1503 634; x_wconf 81' lang='lat' dir='ltr'><strong>eripias</strong></span> <span class='ocrx_word' id='word_1_44' title='bbox 1529 565 1578 620; x_wconf 90' lang='lat' dir='ltr'><strong>si</strong></span> 
     </span>
     <span class='ocr_line' id='line_1_9' title="bbox 404 633 2095 706; baseline -0.001 -14"><span class='ocrx_word' id='word_1_45' title='bbox 404 636 680 705; x_wconf 78' lang='lat' dir='ltr'><strong>Tempora</strong></span> <span class='ocrx_word' id='word_1_46' title='bbox 706 638 855 692; x_wconf 84' lang='lat' dir='ltr'><strong>certa</strong></span> <span class='ocrx_word' id='word_1_47' title='bbox 872 676 889 702; x_wconf 92' lang='lat'><strong>,</strong></span> <span class='ocrx_word' id='word_1_48' title='bbox 916 635 1255 703; x_wconf 79' lang='lat' dir='ltr'><strong>modosque,</strong></span> <span class='ocrx_word' id='word_1_49' title='bbox 1289 640 1346 691; x_wconf 92' lang='lat' dir='ltr'><strong>et</strong></span> <span class='ocrx_word' id='word_1_50' title='bbox 1375 634 1528 706; x_wconf 90' lang='lat' dir='ltr'><strong>quod</strong></span> <span class='ocrx_word' id='word_1_51' title='bbox 1559 635 1722 704; x_wconf 89' lang='lat' dir='ltr'><strong>prius</strong></span> <span class='ocrx_word' id='word_1_52' title='bbox 1752 633 1952 691; x_wconf 83' lang='lat' dir='ltr'><strong>ordine</strong></span> <span class='ocrx_word' id='word_1_53' title='bbox 1979 647 2095 691; x_wconf 84' lang='lat' dir='ltr'><strong>ver·</strong></span> 
     </span>
     <span class='ocr_line' id='line_1_10' title="bbox 405 703 2096 778; baseline -0.001 -16"><span class='ocrx_word' id='word_1_54' title='bbox 405 705 694 764; x_wconf 83' lang='lat' dir='ltr'><strong>Posterius</strong></span> <span class='ocrx_word' id='word_1_55' title='bbox 709 705 911 773; x_wconf 84' lang='lat' dir='ltr'><strong>facias,</strong></span> <span class='ocrx_word' id='word_1_56' title='bbox 937 720 1051 777; x_wconf 79' lang='lat' dir='ltr'><strong>prae</strong></span> <span class='ocrx_word' id='word_1_57' title='bbox 1090 717 1268 762; x_wconf 91' lang='lat' dir='ltr'><strong>onens</strong></span> <span class='ocrx_word' id='word_1_58' title='bbox 1288 706 1484 762; x_wconf 83' lang='lat' dir='ltr'><strong>ultima</strong></span> <span class='ocrx_word' id='word_1_59' title='bbox 1506 703 1734 776; x_wconf 74' lang='lat' dir='ltr'><strong>primisz</strong></span> <span class='ocrx_word' id='word_1_60' title='bbox 1805 703 1961 778; x_wconf 88' lang='lat' dir='ltr'><strong>[bum</strong></span> <span class='ocrx_word' id='word_1_61' title='bbox 1987 709 2096 772; x_wconf 90' lang='lat' dir='ltr'><strong>est,</strong></span> 
     </span>
    </p>
   </div>
   <div class='ocr_carea' id='block_1_4' title="bbox 405 776 1027 844">
    <p class='ocr_par' dir='ltr' id='par_1_5' title="bbox 405 776 1027 844">
     <span class='ocr_line' id='line_1_11' title="bbox 405 776 1027 844; baseline 0.003 -12"><span class='ocrx_word' id='word_1_62' title='bbox 405 776 532 834; x_wconf 87' lang='lat' dir='ltr'><strong>Non</strong></span> <span class='ocrx_word' id='word_1_63' title='bbox 551 820 565 844; x_wconf 90' lang='lat'><strong>,</strong></span> <span class='ocrx_word' id='word_1_64' title='bbox 596 781 661 833; x_wconf 91' lang='lat' dir='ltr'><strong>ut</strong></span> <span class='ocrx_word' id='word_1_65' title='bbox 682 777 732 832; x_wconf 91' lang='lat' dir='ltr'><strong>si</strong></span> <span class='ocrx_word' id='word_1_66' title='bbox 760 777 980 834; x_wconf 81' lang='lat' dir='ltr'><strong>solvas:</strong></span> <span class='ocrx_word' id='word_1_67' title='bbox 1005 799 1027 825; x_wconf 75' lang='lat' dir='ltr'><strong>c</strong></span> 
     </span>
    </p>
   </div>
   <div class='ocr_carea' id='block_1_5' title="bbox 1100 776 1836 847">
    <p class='ocr_par' dir='ltr' id='par_1_6' title="bbox 1100 776 1836 847">
     <span class='ocr_line' id='line_1_12' title="bbox 1100 776 1836 847; baseline 0 -15"><span class='ocrx_word' id='word_1_68' title='bbox 1100 780 1360 847; x_wconf 82' lang='lat' dir='ltr'><strong>ostquam</strong></span> <span class='ocrx_word' id='word_1_69' title='bbox 1387 776 1670 833; x_wconf 80' lang='lat' dir='ltr'><strong>discordia</strong></span> <span class='ocrx_word' id='word_1_70' title='bbox 1690 781 1836 834; x_wconf 82' lang='lat' dir='ltr'><strong>tetra</strong></span> 
     </span>
    </p>
   </div>
   <div class='ocr_carea' id='block_1_6' title="bbox 290 845 2025 2053">
    <p class='ocr_par' dir='ltr' id='par_1_7' title="bbox 298 845 1723 990">
     <span class='ocr_line' id='line_1_13' title="bbox 298 845 1723 919; baseline -0.008 -10"><span class='ocrx_word' id='word_1_71' title='bbox 298 846 376 909; x_wconf 84' lang='grc'><strong>60</strong></span> <span class='ocrx_word' id='word_1_72' title='bbox 410 847 553 904; x_wconf 88' lang='lat' dir='ltr'><strong>Belli</strong></span> <span class='ocrx_word' id='word_1_73' title='bbox 578 845 816 905; x_wconf 82' lang='lat' dir='ltr'><strong>ferratos</strong></span> <span class='ocrx_word' id='word_1_74' title='bbox 845 853 1037 919; x_wconf 89' lang='lat' dir='ltr'><strong>postes</strong></span> <span class='ocrx_word' id='word_1_75' title='bbox 1069 851 1374 918; x_wconf 81' lang='lat' dir='ltr'><strong>portasque</strong></span> <span class='ocrx_word' id='word_1_76' title='bbox 1401 846 1660 919; x_wconf 80' lang='lat' dir='ltr'><strong>refregit,</strong></span> <span class='ocrx_word' id='word_1_77' title='bbox 1699 869 1723 898; x_wconf 68' lang='grc' dir='ltr'>ι</span> 
     </span>
     <span class='ocr_line' id='line_1_14' title="bbox 404 918 1598 990; baseline 0.002 -16"><span class='ocrx_word' id='word_1_78' title='bbox 404 918 667 976; x_wconf 82' lang='lat' dir='ltr'><strong>Invenias</strong></span> <span class='ocrx_word' id='word_1_79' title='bbox 692 919 857 976; x_wconf 79' lang='lat' dir='ltr'><strong>etiam</strong></span> <span class='ocrx_word' id='word_1_80' title='bbox 883 919 1103 990; x_wconf 79' lang='lat' dir='ltr'><strong>disjecti</strong></span> <span class='ocrx_word' id='word_1_81' title='bbox 1129 921 1378 977; x_wconf 79' lang='lat' dir='ltr'><strong>membra</strong></span> <span class='ocrx_word' id='word_1_82' title='bbox 1404 925 1598 990; x_wconf 82' lang='lat' dir='ltr'><strong>poetae.</strong></span> 
     </span>
    </p>

    <p class='ocr_par' dir='ltr' id='par_1_8' title="bbox 404 989 2023 1204">
     <span class='ocr_line' id='line_1_15' title="bbox 476 989 2023 1062; baseline 0.001 -16"><span class='ocrx_word' id='word_1_83' title='bbox 476 989 761 1047; x_wconf 80' lang='lat' dir='ltr'><strong>Hactenus</strong></span> <span class='ocrx_word' id='word_1_84' title='bbox 788 990 907 1046; x_wconf 79' lang='lat' dir='ltr'><strong>baec</strong></span> <span class='ocrx_word' id='word_1_85' title='bbox 929 1006 945 1045; x_wconf 72' lang='grc' dir='ltr'><strong><em>ε</em></strong></span> <span class='ocrx_word' id='word_1_86' title='bbox 966 990 1108 1046; x_wconf 80' lang='lat' dir='ltr'><strong>alias</strong></span> <span class='ocrx_word' id='word_1_87' title='bbox 1127 1033 1142 1058; x_wconf 89' lang='lat'><strong>,</strong></span> <span class='ocrx_word' id='word_1_88' title='bbox 1165 991 1381 1062; x_wconf 72' lang='lat' dir='ltr'><strong>iustum</strong></span> <span class='ocrx_word' id='word_1_89' title='bbox 1411 990 1517 1058; x_wconf 91' lang='lat' dir='ltr'><strong>sit,</strong></span> <span class='ocrx_word' id='word_1_90' title='bbox 1555 1004 1728 1047; x_wconf 89' lang='lat' dir='ltr'><strong>necne</strong></span> <span class='ocrx_word' id='word_1_91' title='bbox 1747 1033 1763 1059; x_wconf 94' lang='lat'><strong>,</strong></span> <span class='ocrx_word' id='word_1_92' title='bbox 1793 1002 2023 1061; x_wconf 85' lang='lat' dir='ltr'><strong>poema,</strong></span> 
     </span>
     <span class='ocr_line' id='line_1_16' title="bbox 404 1060 1818 1132; baseline -0.001 -13"><span class='ocrx_word' id='word_1_93' title='bbox 404 1060 570 1119; x_wconf 84' lang='lat' dir='ltr'><strong>Nunc</strong></span> <span class='ocrx_word' id='word_1_94' title='bbox 594 1061 736 1118; x_wconf 90' lang='lat' dir='ltr'><strong>illud</strong></span> <span class='ocrx_word' id='word_1_95' title='bbox 757 1066 975 1118; x_wconf 82' lang='lat' dir='ltr'><strong>tantum</strong></span> <span class='ocrx_word' id='word_1_96' title='bbox 998 1075 1276 1132; x_wconf 84' lang='lat' dir='ltr'><strong>quaeram,</strong></span> <span class='ocrx_word' id='word_1_97' title='bbox 1306 1061 1578 1118; x_wconf 87' lang='lat' dir='ltr'><strong>meritone</strong></span> <span class='ocrx_word' id='word_1_98' title='bbox 1607 1062 1708 1117; x_wconf 89' lang='lat' dir='ltr'><strong>tibi</strong></span> <span class='ocrx_word' id='word_1_99' title='bbox 1739 1062 1818 1117; x_wconf 89' lang='lat' dir='ltr'><strong>sit</strong></span> 
     </span>
     <span class='ocr_line' id='line_1_17' title="bbox 406 1131 1806 1204; baseline -0.002 -14"><span class='ocrx_word' id='word_1_100' title='bbox 406 1133 741 1203; x_wconf 90' lang='lat' dir='ltr'><strong>Suspectum</strong></span> <span class='ocrx_word' id='word_1_101' title='bbox 763 1145 943 1204; x_wconf 82' lang='lat' dir='ltr'><strong>genus</strong></span> <span class='ocrx_word' id='word_1_102' title='bbox 964 1133 1072 1189; x_wconf 88' lang='lat' dir='ltr'><strong>hoc</strong></span> <span class='ocrx_word' id='word_1_103' title='bbox 1098 1131 1403 1189; x_wconf 88' lang='lat' dir='ltr'><strong>scribendi.</strong></span> <span class='ocrx_word' id='word_1_104' title='bbox 1428 1132 1656 1189; x_wconf 90' lang='lat' dir='ltr'><strong>Sulcius</strong></span> <span class='ocrx_word' id='word_1_105' title='bbox 1679 1146 1806 1188; x_wconf 81' lang='lat' dir='ltr'><strong>acer</strong></span> 
     </span>
    </p>

    <p class='ocr_par' dir='ltr' id='par_1_9' title="bbox 296 1201 2013 1414">
     <span class='ocr_line' id='line_1_18' title="bbox 296 1201 1990 1273; baseline -0.003 -9"><span class='ocrx_word' id='word_1_106' title='bbox 296 1202 371 1264; x_wconf 76' lang='lat'><strong>65</strong></span> <span class='ocrx_word' id='word_1_107' title='bbox 402 1201 699 1271; x_wconf 81' lang='lat' dir='ltr'><strong>Ambulat,</strong></span> <span class='ocrx_word' id='word_1_108' title='bbox 724 1208 783 1259; x_wconf 88' lang='lat' dir='ltr'><strong>et</strong></span> <span class='ocrx_word' id='word_1_109' title='bbox 804 1203 1077 1273; x_wconf 85' lang='lat' dir='ltr'><strong>Caprius,</strong></span> <span class='ocrx_word' id='word_1_110' title='bbox 1109 1204 1264 1259; x_wconf 80' lang='lat' dir='ltr'><strong>rauci</strong></span> <span class='ocrx_word' id='word_1_111' title='bbox 1289 1203 1432 1259; x_wconf 81' lang='lat' dir='ltr'><strong>male</strong></span> <span class='ocrx_word' id='word_1_112' title='bbox 1449 1246 1463 1270; x_wconf 92' lang='lat'><strong>,</strong></span> <span class='ocrx_word' id='word_1_113' title='bbox 1490 1217 1726 1272; x_wconf 89' lang='lat' dir='ltr'><strong>cumque</strong></span> <span class='ocrx_word' id='word_1_114' title='bbox 1745 1202 1990 1271; x_wconf 75' lang='lat' dir='ltr'><strong>libelliS,</strong></span> 
     </span>
     <span class='ocr_line' id='line_1_19' title="bbox 404 1273 2013 1345; baseline -0.001 -15"><span class='ocrx_word' id='word_1_115' title='bbox 404 1275 650 1345; x_wconf 81' lang='lat' dir='ltr'><strong>Magnus</strong></span> <span class='ocrx_word' id='word_1_116' title='bbox 678 1277 917 1343; x_wconf 89' lang='lat' dir='ltr'><strong>uterque</strong></span> <span class='ocrx_word' id='word_1_117' title='bbox 942 1274 1113 1329; x_wconf 89' lang='lat' dir='ltr'><strong>timor</strong></span> <span class='ocrx_word' id='word_1_118' title='bbox 1136 1273 1456 1330; x_wconf 84' lang='lat' dir='ltr'><strong>latronibus</strong></span> <span class='ocrx_word' id='word_1_119' title='bbox 1481 1293 1493 1328; x_wconf 72' lang='grc' dir='ltr'>ε</span> <span class='ocrx_word' id='word_1_120' title='bbox 1516 1279 1574 1328; x_wconf 87' lang='lat' dir='ltr'><strong>at</strong></span> <span class='ocrx_word' id='word_1_121' title='bbox 1594 1315 1609 1337; x_wconf 87' lang='lat'><strong>,</strong></span> <span class='ocrx_word' id='word_1_122' title='bbox 1636 1275 1775 1329; x_wconf 89' lang='lat' dir='ltr'><strong>bene</strong></span> <span class='ocrx_word' id='word_1_123' title='bbox 1805 1273 1854 1329; x_wconf 88' lang='lat' dir='ltr'><strong>si</strong></span> <span class='ocrx_word' id='word_1_124' title='bbox 1882 1274 2013 1343; x_wconf 90' lang='lat' dir='ltr'><strong>quis</strong></span> 
     </span>
     <span class='ocr_line' id='line_1_20' title="bbox 401 1344 1863 1414; baseline -0.001 -13"><span class='ocrx_word' id='word_1_125' title='bbox 401 1345 481 1402; x_wconf 93' lang='lat' dir='ltr'><strong>Et</strong></span> <span class='ocrx_word' id='word_1_126' title='bbox 507 1344 670 1414; x_wconf 85' lang='lat' dir='ltr'><strong>puris</strong></span> <span class='ocrx_word' id='word_1_127' title='bbox 698 1344 849 1400; x_wconf 81' lang='lat' dir='ltr'><strong>vivat</strong></span> <span class='ocrx_word' id='word_1_128' title='bbox 874 1344 1167 1410; x_wconf 80' lang='lat' dir='ltr'><strong>manibuS,</strong></span> <span class='ocrx_word' id='word_1_129' title='bbox 1199 1348 1517 1400; x_wconf 85' lang='lat' dir='ltr'><strong>contemnat</strong></span> <span class='ocrx_word' id='word_1_130' title='bbox 1541 1347 1863 1412; x_wconf 88' lang='lat' dir='ltr'><strong>utrumque.</strong></span> 
     </span>
    </p>

    <p class='ocr_par' dir='ltr' id='par_1_10' title="bbox 401 1414 1964 1556">
     <span class='ocr_line' id='line_1_21' title="bbox 402 1414 1793 1484; baseline -0.003 -12"><span class='ocrx_word' id='word_1_131' title='bbox 402 1416 481 1472; x_wconf 90' lang='lat' dir='ltr'><strong>Ut</strong></span> <span class='ocrx_word' id='word_1_132' title='bbox 512 1416 595 1472; x_wconf 89' lang='lat' dir='ltr'><strong>sis</strong></span> <span class='ocrx_word' id='word_1_133' title='bbox 624 1420 685 1472; x_wconf 92' lang='lat' dir='ltr'><strong>tu</strong></span> <span class='ocrx_word' id='word_1_134' title='bbox 713 1414 922 1470; x_wconf 86' lang='lat' dir='ltr'><strong>similis</strong></span> <span class='ocrx_word' id='word_1_135' title='bbox 948 1414 1089 1472; x_wconf 87' lang='lat' dir='ltr'><strong>Coeli</strong></span> <span class='ocrx_word' id='word_1_136' title='bbox 1112 1457 1128 1483; x_wconf 86' lang='lat'><strong>,</strong></span> <span class='ocrx_word' id='word_1_137' title='bbox 1157 1414 1456 1484; x_wconf 87' lang='lat' dir='ltr'><strong>Birrhique</strong></span> <span class='ocrx_word' id='word_1_138' title='bbox 1481 1414 1793 1479; x_wconf 83' lang='lat' dir='ltr'><strong>latronum,</strong></span> 
     </span>
     <span class='ocr_line' id='line_1_22' title="bbox 401 1483 1964 1556; baseline -0.001 -14"><span class='ocrx_word' id='word_1_139' title='bbox 401 1487 527 1543; x_wconf 89' lang='lat' dir='ltr'><strong>Non</strong></span> <span class='ocrx_word' id='word_1_140' title='bbox 547 1499 650 1556; x_wconf 82' lang='lat' dir='ltr'><strong>ego</strong></span> <span class='ocrx_word' id='word_1_141' title='bbox 672 1485 779 1541; x_wconf 90' lang='lat' dir='ltr'><strong>sim</strong></span> <span class='ocrx_word' id='word_1_142' title='bbox 798 1484 1001 1556; x_wconf 87' lang='lat' dir='ltr'><strong>Capri,</strong></span> <span class='ocrx_word' id='word_1_143' title='bbox 1040 1498 1222 1554; x_wconf 87' lang='lat' dir='ltr'><strong>neque</strong></span> <span class='ocrx_word' id='word_1_144' title='bbox 1249 1485 1427 1542; x_wconf 88' lang='lat' dir='ltr'><strong>Sulci.</strong></span> <span class='ocrx_word' id='word_1_145' title='bbox 1453 1483 1568 1542; x_wconf 91' lang='lat' dir='ltr'><strong>Cur</strong></span> <span class='ocrx_word' id='word_1_146' title='bbox 1592 1490 1807 1541; x_wconf 80' lang='lat' dir='ltr'><strong>metuas</strong></span> <span class='ocrx_word' id='word_1_147' title='bbox 1825 1495 1912 1542; x_wconf 89' lang='lat' dir='ltr'><strong>me</strong></span> <span class='ocrx_word' id='word_1_148' title='bbox 1934 1487 1964 1540; x_wconf 65' lang='grc' dir='ltr'><strong>Ρ</strong></span> 
     </span>
    </p>

    <p class='ocr_par' dir='ltr' id='par_1_11' title="bbox 290 1554 2025 1910">
     <span class='ocr_line' id='line_1_23' title="bbox 290 1554 1911 1627; baseline -0.002 -13"><span class='ocrx_word' id='word_1_149' title='bbox 290 1554 369 1616; x_wconf 81' lang='lat'><strong>70</strong></span> <span class='ocrx_word' id='word_1_150' title='bbox 400 1557 572 1614; x_wconf 79' lang='lat' dir='ltr'><strong>Nulla</strong></span> <span class='ocrx_word' id='word_1_151' title='bbox 598 1557 835 1613; x_wconf 82' lang='lat' dir='ltr'><strong>taberna</strong></span> <span class='ocrx_word' id='word_1_152' title='bbox 863 1569 1015 1613; x_wconf 88' lang='lat' dir='ltr'><strong>meos</strong></span> <span class='ocrx_word' id='word_1_153' title='bbox 1040 1555 1245 1612; x_wconf 82' lang='lat' dir='ltr'><strong>habeat</strong></span> <span class='ocrx_word' id='word_1_154' title='bbox 1263 1598 1280 1624; x_wconf 85' lang='lat'><strong>,</strong></span> <span class='ocrx_word' id='word_1_155' title='bbox 1309 1569 1488 1627; x_wconf 90' lang='lat' dir='ltr'><strong>neque</strong></span> <span class='ocrx_word' id='word_1_156' title='bbox 1512 1557 1624 1626; x_wconf 81' lang='lat' dir='ltr'><strong>pila</strong></span> <span class='ocrx_word' id='word_1_157' title='bbox 1653 1555 1878 1612; x_wconf 87' lang='lat' dir='ltr'><strong>libellos</strong></span> <span class='ocrx_word' id='word_1_158' title='bbox 1895 1597 1911 1622; x_wconf 92' lang='lat'><strong>,</strong></span> 
     </span>
     <span class='ocr_line' id='line_1_24' title="bbox 405 1623 2025 1697; baseline -0.001 -15"><span class='ocrx_word' id='word_1_159' title='bbox 405 1626 581 1696; x_wconf 88' lang='lat' dir='ltr'><strong>Queis</strong></span> <span class='ocrx_word' id='word_1_160' title='bbox 600 1641 803 1684; x_wconf 81' lang='lat' dir='ltr'><strong>manus</strong></span> <span class='ocrx_word' id='word_1_161' title='bbox 828 1627 1059 1683; x_wconf 88' lang='lat' dir='ltr'><strong>insudet</strong></span> <span class='ocrx_word' id='word_1_162' title='bbox 1078 1627 1265 1697; x_wconf 83' lang='lat' dir='ltr'><strong>vulgi,</strong></span> <span class='ocrx_word' id='word_1_163' title='bbox 1291 1626 1770 1697; x_wconf 84' lang='lat' dir='ltr'><strong>Hermogenisque</strong></span> <span class='ocrx_word' id='word_1_164' title='bbox 1794 1623 2025 1697; x_wconf 81' lang='lat' dir='ltr'><strong>Tigelli:</strong></span> 
     </span>
     <span class='ocr_line' id='line_1_25' title="bbox 405 1698 1943 1768; baseline -0.001 -15"><span class='ocrx_word' id='word_1_165' title='bbox 405 1699 524 1753; x_wconf 84' lang='lat' dir='ltr'><strong>Nec</strong></span> <span class='ocrx_word' id='word_1_166' title='bbox 555 1698 725 1754; x_wconf 87' lang='lat' dir='ltr'><strong>recito</strong></span> <span class='ocrx_word' id='word_1_167' title='bbox 746 1699 1035 1768; x_wconf 86' lang='lat' dir='ltr'><strong>cuiquam,</strong></span> <span class='ocrx_word' id='word_1_168' title='bbox 1070 1699 1184 1754; x_wconf 87' lang='lat' dir='ltr'><strong>nisi</strong></span> <span class='ocrx_word' id='word_1_169' title='bbox 1215 1698 1412 1754; x_wconf 79' lang='lat' dir='ltr'><strong>amicis</strong></span> <span class='ocrx_word' id='word_1_170' title='bbox 1431 1741 1444 1766; x_wconf 92' lang='lat'><strong>,</strong></span> <span class='ocrx_word' id='word_1_171' title='bbox 1480 1698 1648 1768; x_wconf 88' lang='lat' dir='ltr'><strong>idque</strong></span> <span class='ocrx_word' id='word_1_172' title='bbox 1675 1701 1943 1767; x_wconf 78' lang='lat' dir='ltr'><strong>coactus3</strong></span> 
     </span>
     <span class='ocr_line' id='line_1_26' title="bbox 406 1766 1877 1848; baseline 0.003 -29"><span class='ocrx_word' id='word_1_173' title='bbox 406 1767 538 1848; x_wconf 80' lang='lat' dir='ltr'><strong>Non</strong></span> <span class='ocrx_word' id='word_1_174' title='bbox 560 1766 775 1833; x_wconf 87' lang='lat' dir='ltr'><strong>ubivis,</strong></span> <span class='ocrx_word' id='word_1_175' title='bbox 805 1782 1057 1824; x_wconf 76' lang='lat' dir='ltr'><strong>coramve</strong></span> <span class='ocrx_word' id='word_1_176' title='bbox 1078 1767 1448 1840; x_wconf 88' lang='lat' dir='ltr'><strong>quibuslibet.</strong></span> <span class='ocrx_word' id='word_1_177' title='bbox 1481 1769 1545 1824; x_wconf 86' lang='lat' dir='ltr'><strong>ln</strong></span> <span class='ocrx_word' id='word_1_178' title='bbox 1573 1769 1755 1826; x_wconf 88' lang='lat' dir='ltr'><strong>medio</strong></span> <span class='ocrx_word' id='word_1_179' title='bbox 1781 1769 1877 1839; x_wconf 88' lang='lat' dir='ltr'><strong>qui</strong></span> 
     </span>
     <span class='ocr_line' id='line_1_27' title="bbox 412 1834 1986 1910; baseline 0.003 -21"><span class='ocrx_word' id='word_1_180' title='bbox 412 1835 636 1904; x_wconf 77' lang='lat' dir='ltr'><strong>Scripta</strong></span> <span class='ocrx_word' id='word_1_181' title='bbox 661 1834 783 1894; x_wconf 85' lang='lat' dir='ltr'><strong>foro</strong></span> <span class='ocrx_word' id='word_1_182' title='bbox 807 1841 1041 1896; x_wconf 88' lang='lat' dir='ltr'><strong>recitent</strong></span> <span class='ocrx_word' id='word_1_183' title='bbox 1068 1844 1204 1896; x_wconf 86' lang='lat' dir='ltr'><strong>sunt</strong></span> <span class='ocrx_word' id='word_1_184' title='bbox 1229 1840 1428 1908; x_wconf 91' lang='lat' dir='ltr'><strong>multi,</strong></span> <span class='ocrx_word' id='word_1_185' title='bbox 1458 1842 1672 1910; x_wconf 89' lang='lat' dir='ltr'><strong>quique</strong></span> <span class='ocrx_word' id='word_1_186' title='bbox 1700 1840 1986 1897; x_wconf 70' lang='lat' dir='ltr'><strong>lavantesz</strong></span> 
     </span>
    </p>

    <p class='ocr_par' dir='ltr' id='par_1_12' title="bbox 307 1901 2005 2053">
     <span class='ocr_line' id='line_1_28' title="bbox 307 1901 1748 1968; baseline 0.001 -2"><span class='ocrx_word' id='word_1_187' title='bbox 307 1901 378 1966; x_wconf 87' lang='lat'><strong>75</strong></span> <span class='ocrx_word' id='word_1_188' title='bbox 412 1904 592 1963; x_wconf 83' lang='lat' dir='ltr'><strong>Suave</strong></span> <span class='ocrx_word' id='word_1_189' title='bbox 613 1904 770 1965; x_wconf 86' lang='lat' dir='ltr'><strong>locus</strong></span> <span class='ocrx_word' id='word_1_190' title='bbox 796 1911 915 1967; x_wconf 79' lang='lat' dir='ltr'><strong>voci</strong></span> <span class='ocrx_word' id='word_1_191' title='bbox 944 1914 1172 1968; x_wconf 83' lang='lat' dir='ltr'><strong>resonat</strong></span> <span class='ocrx_word' id='word_1_192' title='bbox 1199 1911 1520 1968; x_wconf 78' lang='lat' dir='ltr'><strong>conclusus,</strong></span> <span class='ocrx_word' id='word_1_193' title='bbox 1545 1911 1748 1968; x_wconf 79' lang='lat' dir='ltr'><strong>inanes</strong></span> 
     </span>
     <span class='ocr_line' id='line_1_29' title="bbox 405 1976 2005 2053; baseline 0.001 -18"><span class='ocrx_word' id='word_1_194' title='bbox 405 1976 528 2035; x_wconf 89' lang='lat' dir='ltr'><strong>Hoc</strong></span> <span class='ocrx_word' id='word_1_195' title='bbox 546 1978 703 2049; x_wconf 84' lang='lat' dir='ltr'><strong>juvat</strong></span> <span class='ocrx_word' id='word_1_196' title='bbox 724 2020 741 2046; x_wconf 87' lang='lat'><strong>,</strong></span> <span class='ocrx_word' id='word_1_197' title='bbox 766 1979 915 2038; x_wconf 88' lang='lat' dir='ltr'><strong>haud</strong></span> <span class='ocrx_word' id='word_1_198' title='bbox 940 1982 1085 2038; x_wconf 88' lang='lat' dir='ltr'><strong>illud</strong></span> <span class='ocrx_word' id='word_1_199' title='bbox 1110 1989 1454 2053; x_wconf 82' lang='lat' dir='ltr'><strong>quaerentes,</strong></span> <span class='ocrx_word' id='word_1_200' title='bbox 1483 1996 1617 2040; x_wconf 90' lang='lat' dir='ltr'><strong>num</strong></span> <span class='ocrx_word' id='word_1_201' title='bbox 1643 1983 1764 2040; x_wconf 89' lang='lat' dir='ltr'><strong>sine</strong></span> <span class='ocrx_word' id='word_1_202' title='bbox 1794 1994 1966 2039; x_wconf 89' lang='lat' dir='ltr'><strong>sensu</strong></span> <span class='ocrx_word' id='word_1_203' title='bbox 1988 2022 2005 2050; x_wconf 92' lang='lat'><strong>,</strong></span> 
     </span>
    </p>
   </div>
   <div class='ocr_carea' id='block_1_7' title="bbox 256 2094 1188 3535">
    <p class='ocr_par' dir='ltr' id='par_1_13' title="bbox 256 2094 1188 2731">
     <span class='ocr_line' id='line_1_30' title="bbox 315 2094 1148 2151; baseline 0.005 -14"><span class='ocrx_word' id='word_1_204' title='bbox 315 2100 383 2137; x_wconf 70' lang='lat'><strong>⁸1.</strong></span> <span class='ocrx_word' id='word_1_205' title='bbox 424 2094 533 2138; x_wconf 76' lang='lat' dir='ltr'><strong>Cum</strong></span> <span class='ocrx_word' id='word_1_206' title='bbox 571 2098 753 2151; x_wconf 69' lang='lat' dir='ltr'><strong>facibus.</strong></span> <span class='ocrx_word' id='word_1_207' title='bbox 782 2103 883 2141; x_wconf 75' lang='lat' dir='ltr'><strong>Ante</strong></span> <span class='ocrx_word' id='word_1_208' title='bbox 916 2104 1148 2149; x_wconf 84' lang='lat' dir='ltr'><strong>mulierum,</strong></span> 
     </span>
     <span class='ocr_line' id='line_1_31' title="bbox 258 2152 1152 2201; baseline 0.001 -10"><span class='ocrx_word' id='word_1_209' title='bbox 258 2160 362 2201; x_wconf 68' lang='lat' dir='ltr'><strong>qus</strong></span> <span class='ocrx_word' id='word_1_210' title='bbox 378 2152 566 2199; x_wconf 74' lang='lat' dir='ltr'><strong>adibant,</strong></span> <span class='ocrx_word' id='word_1_211' title='bbox 597 2154 704 2193; x_wconf 79' lang='lat' dir='ltr'><strong>rores</strong></span> <span class='ocrx_word' id='word_1_212' title='bbox 730 2157 836 2195; x_wconf 73' lang='lat' dir='ltr'><strong>sture</strong></span> <span class='ocrx_word' id='word_1_213' title='bbox 862 2155 1043 2194; x_wconf 85' lang='lat' dir='ltr'><strong>solebant</strong></span> <span class='ocrx_word' id='word_1_214' title='bbox 1060 2164 1152 2193; x_wconf 87' lang='lat' dir='ltr'><strong>cum</strong></span> 
     </span>
     <span class='ocr_line' id='line_1_32' title="bbox 257 2204 1150 2257; baseline 0.002 -12"><span class='ocrx_word' id='word_1_215' title='bbox 257 2204 435 2252; x_wconf 78' lang='lat' dir='ltr'><strong>tsctbus,</strong></span> <span class='ocrx_word' id='word_1_216' title='bbox 476 2208 518 2245; x_wconf 88' lang='lat' dir='ltr'><strong>et</strong></span> <span class='ocrx_word' id='word_1_217' title='bbox 536 2205 1045 2257; x_wconf 46' lang='lat' dir='ltr'><strong>cantitata—,Numquiffl</strong></span> <span class='ocrx_word' id='word_1_218' title='bbox 1068 2212 1150 2247; x_wconf 78' lang='lat' dir='ltr'><strong>etc.</strong></span> 
     </span>
     <span class='ocr_line' id='line_1_33' title="bbox 256 2256 1188 2309; baseline -0.001 -8"><span class='ocrx_word' id='word_1_219' title='bbox 256 2260 479 2305; x_wconf 61' lang='lat' dir='ltr'><strong>mensio</strong></span> <span class='ocrx_word' id='word_1_220' title='bbox 522 2263 565 2299; x_wconf 80' lang='lat' dir='ltr'><strong>et</strong></span> <span class='ocrx_word' id='word_1_221' title='bbox 606 2262 755 2299; x_wconf 82' lang='lat' dir='ltr'><strong>solutio</strong></span> <span class='ocrx_word' id='word_1_222' title='bbox 801 2264 863 2299; x_wconf 84' lang='lat' dir='ltr'><strong>est</strong></span> <span class='ocrx_word' id='word_1_223' title='bbox 902 2261 1150 2309; x_wconf 76' lang='lat' dir='ltr'><strong>objectionis.</strong></span> <span class='ocrx_word' id='word_1_224' title='bbox 1181 2256 1188 2262; x_wconf 83' lang='lat'><strong><em>&#39;</em></strong></span> 
     </span>
     <span class='ocr_line' id='line_1_34' title="bbox 258 2312 1155 2362; baseline 0.002 -12"><span class='ocrx_word' id='word_1_225' title='bbox 258 2312 395 2358; x_wconf 71' lang='lat' dir='ltr'><strong>Atqui,</strong></span> <span class='ocrx_word' id='word_1_226' title='bbox 424 2312 555 2359; x_wconf 84' lang='lat' dir='ltr'><strong>inquit</strong></span> <span class='ocrx_word' id='word_1_227' title='bbox 583 2316 783 2362; x_wconf 74' lang='lat' dir='ltr'><strong>Horatius,</strong></span> <span class='ocrx_word' id='word_1_228' title='bbox 812 2316 928 2359; x_wconf 81' lang='lat' dir='ltr'><strong>pater</strong></span> <span class='ocrx_word' id='word_1_229' title='bbox 948 2316 1155 2359; x_wconf 83' lang='lat' dir='ltr'><strong>Pomponii</strong></span> 
     </span>
     <span class='ocr_line' id='line_1_35' title="bbox 264 2366 1149 2415; baseline -0.002 -8"><span class='ocrx_word' id='word_1_230' title='bbox 264 2366 363 2407; x_wconf 79' lang='lat' dir='ltr'><strong>terat</strong></span> <span class='ocrx_word' id='word_1_231' title='bbox 382 2366 459 2404; x_wconf 82' lang='lat' dir='ltr'><strong>iste</strong></span> <span class='ocrx_word' id='word_1_232' title='bbox 492 2366 709 2406; x_wconf 81' lang='lat' dir='ltr'><strong>dissolutus</strong></span> <span class='ocrx_word' id='word_1_233' title='bbox 734 2366 879 2412; x_wconf 84' lang='lat' dir='ltr'><strong>aliquis</strong></span> <span class='ocrx_word' id='word_1_234' title='bbox 896 2367 1149 2415; x_wconf 72' lang='lat' dir='ltr'><strong>adolescens,</strong></span> 
     </span>
     <span class='ocr_line' id='line_1_36' title="bbox 262 2417 1156 2467; baseline 0.003 -11"><span class='ocrx_word' id='word_1_235' title='bbox 262 2417 345 2463; x_wconf 70' lang='lat' dir='ltr'><strong>qui,</strong></span> <span class='ocrx_word' id='word_1_236' title='bbox 366 2420 483 2465; x_wconf 79' lang='lat' dir='ltr'><strong>patre</strong></span> <span class='ocrx_word' id='word_1_237' title='bbox 503 2422 679 2466; x_wconf 86' lang='lat' dir='ltr'><strong>mortuo,</strong></span> <span class='ocrx_word' id='word_1_238' title='bbox 698 2420 897 2467; x_wconf 85' lang='lat' dir='ltr'><strong>perditam</strong></span> <span class='ocrx_word' id='word_1_239' title='bbox 913 2422 1033 2459; x_wconf 80' lang='lat' dir='ltr'><strong>vitam</strong></span> <span class='ocrx_word' id='word_1_240' title='bbox 1053 2420 1156 2459; x_wconf 79' lang='lat' dir='ltr'><strong>vire·</strong></span> 
     </span>
     <span class='ocr_line' id='line_1_37' title="bbox 258 2468 1155 2520; baseline 0.002 -11"><span class='ocrx_word' id='word_1_241' title='bbox 258 2468 352 2517; x_wconf 58' lang='grc' dir='ltr'><strong>Μὴ</strong></span> <span class='ocrx_word' id='word_1_242' title='bbox 384 2480 504 2517; x_wconf 85' lang='lat' dir='ltr'><strong>quem</strong></span> <span class='ocrx_word' id='word_1_243' title='bbox 539 2474 726 2511; x_wconf 73' lang='lat' dir='ltr'><strong>Horatius</strong></span> <span class='ocrx_word' id='word_1_244' title='bbox 760 2474 875 2519; x_wconf 81' lang='lat' dir='ltr'><strong>qnasi</strong></span> <span class='ocrx_word' id='word_1_245' title='bbox 901 2474 1011 2512; x_wconf 86' lang='lat' dir='ltr'><strong>allud</strong></span> <span class='ocrx_word' id='word_1_246' title='bbox 1035 2480 1155 2520; x_wconf 69' lang='lat' dir='ltr'><strong>agens</strong></span> 
     </span>
     <span class='ocr_line' id='line_1_38' title="bbox 258 2523 1155 2571; baseline 0.004 -10"><span class='ocrx_word' id='word_1_247' title='bbox 258 2523 441 2563; x_wconf 82' lang='lat' dir='ltr'><strong>nominat</strong></span> <span class='ocrx_word' id='word_1_248' title='bbox 469 2527 512 2563; x_wconf 77' lang='lat' dir='ltr'><strong>et</strong></span> <span class='ocrx_word' id='word_1_249' title='bbox 528 2526 669 2571; x_wconf 68' lang='lat' dir='ltr'><strong>carpit)</strong></span> <span class='ocrx_word' id='word_1_250' title='bbox 693 2526 735 2563; x_wconf 86' lang='lat' dir='ltr'><strong>in</strong></span> <span class='ocrx_word' id='word_1_251' title='bbox 762 2526 947 2565; x_wconf 72' lang='lat' dir='ltr'><strong>familiari</strong></span> <span class='ocrx_word' id='word_1_252' title='bbox 971 2536 1155 2565; x_wconf 81' lang='lat' dir='ltr'><strong>sermone</strong></span> 
     </span>
     <span class='ocr_line' id='line_1_39' title="bbox 259 2576 1155 2627; baseline 0.006 -14"><span class='ocrx_word' id='word_1_253' title='bbox 259 2576 405 2615; x_wconf 80' lang='lat' dir='ltr'><strong>eodem</strong></span> <span class='ocrx_word' id='word_1_254' title='bbox 439 2578 562 2617; x_wconf 83' lang='lat' dir='ltr'><strong>modo</strong></span> <span class='ocrx_word' id='word_1_255' title='bbox 594 2578 719 2617; x_wconf 85' lang='lat' dir='ltr'><strong>illlum</strong></span> <span class='ocrx_word' id='word_1_256' title='bbox 751 2579 1041 2627; x_wconf 64' lang='lat' dir='ltr'><strong>alioqum-etun</strong></span> <span class='ocrx_word' id='word_1_257' title='bbox 1072 2588 1155 2618; x_wconf 81' lang='lat' dir='ltr'><strong>non</strong></span> 
     </span>
     <span class='ocr_line' id='line_1_40' title="bbox 258 2628 1153 2683; baseline 0.003 -14"><span class='ocrx_word' id='word_1_258' title='bbox 258 2628 474 2669; x_wconf 76' lang='lat' dir='ltr'><strong>levioribus</strong></span> <span class='ocrx_word' id='word_1_259' title='bbox 495 2640 589 2670; x_wconf 87' lang='lat' dir='ltr'><strong>eum</strong></span> <span class='ocrx_word' id='word_1_260' title='bbox 608 2632 733 2670; x_wconf 79' lang='lat' dir='ltr'><strong>verbis</strong></span> <span class='ocrx_word' id='word_1_261' title='bbox 749 2634 975 2683; x_wconf 73' lang='lat' dir='ltr'><strong>castigaret,</strong></span> <span class='ocrx_word' id='word_1_262' title='bbox 994 2633 1030 2674; x_wconf 84' lang='lat' dir='ltr'><strong>st</strong></span> <span class='ocrx_word' id='word_1_263' title='bbox 1048 2634 1153 2674; x_wconf 75' lang='lat' dir='ltr'><strong>vive·</strong></span> 
     </span>
     <span class='ocr_line' id='line_1_41' title="bbox 257 2684 915 2731; baseline 0.003 -8"><span class='ocrx_word' id='word_1_264' title='bbox 257 2684 325 2723; x_wconf 78' lang='lat' dir='ltr'><strong>ret</strong></span> <span class='ocrx_word' id='word_1_265' title='bbox 335 2710 349 2731; x_wconf 88' lang='lat'><strong>,</strong></span> <span class='ocrx_word' id='word_1_266' title='bbox 368 2692 490 2730; x_wconf 83' lang='lat' dir='ltr'><strong>quam</strong></span> <span class='ocrx_word' id='word_1_267' title='bbox 509 2686 657 2724; x_wconf 77' lang='lat' dir='ltr'><strong>nemea</strong></span> <span class='ocrx_word' id='word_1_268' title='bbox 671 2686 915 2725; x_wconf 73' lang='lat' dir='ltr'><strong>AEscnimun.</strong></span> 
     </span>
    </p>

    <p class='ocr_par' dir='ltr' id='par_1_14' title="bbox 316 2734 1072 2789">
     <span class='ocr_line' id='line_1_42' title="bbox 316 2734 1072 2789; baseline 0.008 -14"><span class='ocrx_word' id='word_1_269' title='bbox 316 2738 385 2775; x_wconf 74' lang='lat'><strong>⁸8.</strong></span> <span class='ocrx_word' id='word_1_270' title='bbox 424 2734 569 2777; x_wconf 75' lang='lat' dir='ltr'><strong>Puris.</strong></span> <span class='ocrx_word' id='word_1_271' title='bbox 589 2740 763 2786; x_wconf 74' lang='lat' dir='ltr'><strong>Propriis</strong></span> <span class='ocrx_word' id='word_1_272' title='bbox 776 2766 789 2789; x_wconf 87' lang='lat'>‚</span> <span class='ocrx_word' id='word_1_273' title='bbox 808 2741 909 2779; x_wconf 87' lang='lat' dir='ltr'><strong>bene</strong></span> <span class='ocrx_word' id='word_1_274' title='bbox 924 2740 1072 2781; x_wconf 78' lang='lat' dir='ltr'><strong>latinis.</strong></span> 
     </span>
    </p>

    <p class='ocr_par' dir='ltr' id='par_1_15' title="bbox 269 2786 1156 2887">
     <span class='ocr_line' id='line_1_43' title="bbox 318 2786 1156 2842; baseline 0.007 -15"><span class='ocrx_word' id='word_1_275' title='bbox 318 2791 385 2830; x_wconf 65' lang='grc' dir='ltr'><strong>ιδ.</strong></span> <span class='ocrx_word' id='word_1_276' title='bbox 412 2786 542 2838; x_wconf 70' lang='lat' dir='ltr'><strong>Qum</strong></span> <span class='ocrx_word' id='word_1_277' title='bbox 557 2789 597 2829; x_wconf 79' lang='lat' dir='ltr'><strong>ss·</strong></span> <span class='ocrx_word' id='word_1_278' title='bbox 620 2789 838 2833; x_wconf 72' lang='lat' dir='ltr'><strong>dissolvas.</strong></span> <span class='ocrx_word' id='word_1_279' title='bbox 857 2796 982 2842; x_wconf 84' lang='lat' dir='ltr'><strong>Quem</strong></span> <span class='ocrx_word' id='word_1_280' title='bbox 999 2802 1156 2833; x_wconf 82' lang='lat' dir='ltr'><strong>versum</strong></span> 
     </span>
     <span class='ocr_line' id='line_1_44' title="bbox 269 2838 755 2887; baseline 0.002 -5"><span class='ocrx_word' id='word_1_281' title='bbox 269 2838 307 2876; x_wconf 73' lang='grc' dir='ltr'><strong>ΙΙ</strong></span> <span class='ocrx_word' id='word_1_282' title='bbox 324 2842 488 2887; x_wconf 68' lang='lat' dir='ltr'><strong>nedibus</strong></span> <span class='ocrx_word' id='word_1_283' title='bbox 507 2844 590 2882; x_wconf 82' lang='lat' dir='ltr'><strong>suis</strong></span> <span class='ocrx_word' id='word_1_284' title='bbox 610 2845 755 2885; x_wconf 77' lang='lat' dir='ltr'><strong>solvas.</strong></span> 
     </span>
    </p>

    <p class='ocr_par' dir='ltr' id='par_1_16' title="bbox 264 2894 1153 2997">
     <span class='ocr_line' id='line_1_45' title="bbox 324 2894 1153 2947; baseline 0.007 -16"><span class='ocrx_word' id='word_1_285' title='bbox 324 2894 388 2935; x_wconf 69' lang='lat' dir='ltr'><strong>u.</strong></span> <span class='ocrx_word' id='word_1_286' title='bbox 413 2894 671 2937; x_wconf 72' lang='lat' dir='ltr'><strong>Personam</strong></span> <span class='ocrx_word' id='word_1_287' title='bbox 676 2901 817 2946; x_wconf 76' lang='lat' dir='ltr'><strong>pater.</strong></span> <span class='ocrx_word' id='word_1_288' title='bbox 830 2898 1012 2937; x_wconf 80' lang='lat' dir='ltr'><strong>comicus</strong></span> <span class='ocrx_word' id='word_1_289' title='bbox 1024 2902 1153 2947; x_wconf 69' lang='lat' dir='ltr'><strong>actor,</strong></span> 
     </span>
     <span class='ocr_line' id='line_1_46' title="bbox 264 2945 853 2997; baseline 0.007 -14"><span class='ocrx_word' id='word_1_290' title='bbox 264 2945 334 2991; x_wconf 72' lang='lat' dir='ltr'><strong>qul</strong></span> <span class='ocrx_word' id='word_1_291' title='bbox 351 2951 478 2995; x_wconf 84' lang='lat' dir='ltr'><strong>patris</strong></span> <span class='ocrx_word' id='word_1_292' title='bbox 497 2958 711 2997; x_wconf 83' lang='lat' dir='ltr'><strong>personam</strong></span> <span class='ocrx_word' id='word_1_293' title='bbox 736 2950 853 2995; x_wconf 70' lang='lat' dir='ltr'><strong>gerit.</strong></span> 
     </span>
    </p>

    <p class='ocr_par' dir='ltr' id='par_1_17' title="bbox 256 3001 1157 3263">
     <span class='ocr_line' id='line_1_47' title="bbox 317 3001 1155 3055; baseline 0.005 -16"><span class='ocrx_word' id='word_1_294' title='bbox 317 3002 385 3040; x_wconf 74' lang='lat'><strong>⁸¹1.</strong></span> <span class='ocrx_word' id='word_1_295' title='bbox 428 3001 653 3055; x_wconf 73' lang='lat' dir='ltr'><strong>Tempora.</strong></span> <span class='ocrx_word' id='word_1_296' title='bbox 689 3003 957 3051; x_wconf 77' lang='lat' dir='ltr'><strong>Quantitatem</strong></span> <span class='ocrx_word' id='word_1_297' title='bbox 982 3002 1155 3050; x_wconf 64' lang='lat' dir='ltr'><strong>syllaba·</strong></span> 
     </span>
     <span class='ocr_line' id='line_1_48' title="bbox 258 3057 1157 3102; baseline 0.006 -12"><span class='ocrx_word' id='word_1_298' title='bbox 258 3060 375 3101; x_wconf 63' lang='grc' dir='ltr'><strong>ηας</strong></span> <span class='ocrx_word' id='word_1_299' title='bbox 412 3064 582 3102; x_wconf 85' lang='lat' dir='ltr'><strong>quarum</strong></span> <span class='ocrx_word' id='word_1_300' title='bbox 616 3057 709 3096; x_wconf 71' lang='lat' dir='ltr'><strong>alioe</strong></span> <span class='ocrx_word' id='word_1_301' title='bbox 740 3059 833 3095; x_wconf 83' lang='lat' dir='ltr'><strong>sunt</strong></span> <span class='ocrx_word' id='word_1_302' title='bbox 864 3057 1022 3102; x_wconf 76' lang='lat' dir='ltr'><strong>breves,</strong></span> <span class='ocrx_word' id='word_1_303' title='bbox 1064 3066 1157 3102; x_wconf 69' lang='lat' dir='ltr'><strong>quas</strong></span> 
     </span>
     <span class='ocr_line' id='line_1_49' title="bbox 256 3106 1157 3157; baseline 0.002 -12"><span class='ocrx_word' id='word_1_304' title='bbox 256 3106 433 3147; x_wconf 70' lang='lat' dir='ltr'><strong>breviori</strong></span> <span class='ocrx_word' id='word_1_305' title='bbox 472 3112 654 3156; x_wconf 78' lang='lat' dir='ltr'><strong>tempore</strong></span> <span class='ocrx_word' id='word_1_306' title='bbox 693 3111 1021 3157; x_wconf 59' lang='lat' dir='ltr'><strong>pronuntiantem</strong></span> <span class='ocrx_word' id='word_1_307' title='bbox 1066 3110 1157 3148; x_wconf 68' lang='lat' dir='ltr'><strong>alias</strong></span> 
     </span>
     <span class='ocr_line' id='line_1_50' title="bbox 257 3158 1153 3212; baseline -0.002 -9"><span class='ocrx_word' id='word_1_308' title='bbox 257 3158 415 3209; x_wconf 67' lang='lat' dir='ltr'><strong>lom,</strong></span> <span class='ocrx_word' id='word_1_309' title='bbox 444 3170 535 3208; x_wconf 67' lang='lat' dir='ltr'><strong>quo</strong></span> <span class='ocrx_word' id='word_1_310' title='bbox 552 3164 739 3212; x_wconf 69' lang='lat' dir='ltr'><strong>longiori.</strong></span> <span class='ocrx_word' id='word_1_311' title='bbox 760 3183 811 3193; x_wconf 94' lang='lat'>—</span> <span class='ocrx_word' id='word_1_312' title='bbox 834 3158 991 3203; x_wconf 66' lang='lat' dir='ltr'><strong>Nodos.</strong></span> <span class='ocrx_word' id='word_1_313' title='bbox 1010 3165 1153 3201; x_wconf 73' lang='lat' dir='ltr'><strong>Nume-</strong></span> 
     </span>
     <span class='ocr_line' id='line_1_51' title="bbox 260 3214 1087 3263; baseline 0.005 -12"><span class='ocrx_word' id='word_1_314' title='bbox 260 3220 335 3252; x_wconf 82' lang='lat' dir='ltr'><strong>ros</strong></span> <span class='ocrx_word' id='word_1_315' title='bbox 350 3214 407 3253; x_wconf 74' lang='lat' dir='ltr'><strong>sd</strong></span> <span class='ocrx_word' id='word_1_316' title='bbox 422 3218 573 3255; x_wconf 74' lang='lat' dir='ltr'><strong>certum</strong></span> <span class='ocrx_word' id='word_1_317' title='bbox 590 3226 816 3257; x_wconf 81' lang='lat' dir='ltr'><strong>mensnram</strong></span> <span class='ocrx_word' id='word_1_318' title='bbox 828 3218 1087 3263; x_wconf 84' lang='lat' dir='ltr'><strong>compositos.</strong></span> 
     </span>
    </p>

    <p class='ocr_par' dir='ltr' id='par_1_18' title="bbox 259 3265 1161 3535">
     <span class='ocr_line' id='line_1_52' title="bbox 318 3265 1158 3318; baseline 0.001 -12"><span class='ocrx_word' id='word_1_319' title='bbox 318 3269 387 3306; x_wconf 74' lang='lat'><strong>⁸0.</strong></span> <span class='ocrx_word' id='word_1_320' title='bbox 402 3265 511 3317; x_wconf 69' lang='lat' dir='ltr'><strong>Non,</strong></span> <span class='ocrx_word' id='word_1_321' title='bbox 524 3272 573 3309; x_wconf 69' lang='lat' dir='ltr'><strong>ut</strong></span> <span class='ocrx_word' id='word_1_322' title='bbox 585 3269 636 3318; x_wconf 79' lang='lat' dir='ltr'><strong>si,</strong></span> <span class='ocrx_word' id='word_1_323' title='bbox 650 3274 731 3310; x_wconf 63' lang='grc' dir='ltr'><strong>ιτα</strong></span> <span class='ocrx_word' id='word_1_324' title='bbox 748 3273 836 3311; x_wconf 68' lang='lat' dir='ltr'><strong>Non</strong></span> <span class='ocrx_word' id='word_1_325' title='bbox 852 3271 1025 3309; x_wconf 82' lang='lat' dir='ltr'><strong>invenies</strong></span> <span class='ocrx_word' id='word_1_326' title='bbox 1036 3278 1158 3307; x_wconf 86' lang='lat' dir='ltr'><strong>mem·</strong></span> 
     </span>
     <span class='ocr_line' id='line_1_53' title="bbox 260 3318 1155 3371; baseline 0.006 -14"><span class='ocrx_word' id='word_1_327' title='bbox 260 3318 337 3358; x_wconf 74' lang='lat' dir='ltr'><strong>bra</strong></span> <span class='ocrx_word' id='word_1_328' title='bbox 370 3319 528 3368; x_wconf 68' lang='lat' dir='ltr'><strong>disiecti</strong></span> <span class='ocrx_word' id='word_1_329' title='bbox 557 3326 687 3371; x_wconf 71' lang='lat' dir='ltr'><strong>poeto</strong></span> <span class='ocrx_word' id='word_1_330' title='bbox 701 3351 712 3370; x_wconf 94' lang='lat'><strong>,</strong></span> <span class='ocrx_word' id='word_1_331' title='bbox 742 3326 785 3363; x_wconf 81' lang='lat' dir='ltr'><strong>et</strong></span> <span class='ocrx_word' id='word_1_332' title='bbox 822 3324 936 3370; x_wconf 84' lang='lat' dir='ltr'><strong>qnasi</strong></span> <span class='ocrx_word' id='word_1_333' title='bbox 967 3323 1155 3371; x_wconf 73' lang='lat' dir='ltr'><strong>lacerati,</strong></span> 
     </span>
     <span class='ocr_line' id='line_1_54' title="bbox 261 3373 1158 3423; baseline 0.004 -12"><span class='ocrx_word' id='word_1_334' title='bbox 261 3374 311 3411; x_wconf 73' lang='lat' dir='ltr'><strong>nt</strong></span> <span class='ocrx_word' id='word_1_335' title='bbox 326 3373 502 3414; x_wconf 75' lang='lat' dir='ltr'><strong>invenies</strong></span> <span class='ocrx_word' id='word_1_336' title='bbox 512 3403 525 3423; x_wconf 90' lang='lat'><strong>,</strong></span> <span class='ocrx_word' id='word_1_337' title='bbox 539 3377 576 3415; x_wconf 84' lang='lat' dir='ltr'><strong>sl</strong></span> <span class='ocrx_word' id='word_1_338' title='bbox 607 3376 739 3417; x_wconf 77' lang='lat' dir='ltr'><strong>solvas</strong></span> <span class='ocrx_word' id='word_1_339' title='bbox 755 3377 859 3416; x_wconf 76' lang='lat' dir='ltr'><strong>hunc</strong></span> <span class='ocrx_word' id='word_1_340' title='bbox 874 3378 989 3415; x_wconf 69' lang='lat' dir='ltr'><strong>Ennii</strong></span> <span class='ocrx_word' id='word_1_341' title='bbox 1001 3386 1158 3417; x_wconf 82' lang='lat' dir='ltr'><strong>versum</strong></span> 
     </span>
     <span class='ocr_line' id='line_1_55' title="bbox 259 3426 1161 3479; baseline 0.01 -17"><span class='ocrx_word' id='word_1_342' title='bbox 259 3426 427 3470; x_wconf 76' lang='lat' dir='ltr'><strong>plenum</strong></span> <span class='ocrx_word' id='word_1_343' title='bbox 440 3428 603 3474; x_wconf 84' lang='lat' dir='ltr'><strong>spiritus</strong></span> <span class='ocrx_word' id='word_1_344' title='bbox 619 3432 662 3468; x_wconf 80' lang='lat' dir='ltr'><strong>et</strong></span> <span class='ocrx_word' id='word_1_345' title='bbox 677 3430 833 3470; x_wconf 80' lang='lat' dir='ltr'><strong>ardoris</strong></span> <span class='ocrx_word' id='word_1_346' title='bbox 847 3432 997 3479; x_wconf 83' lang='lat' dir='ltr'><strong>poetici</strong></span> <span class='ocrx_word' id='word_1_347' title='bbox 1012 3443 1024 3467; x_wconf 71' lang='grc' dir='ltr'><strong>ε</strong></span> <span class='ocrx_word' id='word_1_348' title='bbox 1044 3429 1161 3473; x_wconf 79' lang='lat' dir='ltr'><strong>Post·</strong></span> 
     </span>
     <span class='ocr_line' id='line_1_56' title="bbox 260 3479 745 3535; baseline 0.01 -16"><span class='ocrx_word' id='word_1_349' title='bbox 260 3485 395 3527; x_wconf 71' lang='lat' dir='ltr'><strong>quous</strong></span> <span class='ocrx_word' id='word_1_350' title='bbox 408 3479 641 3535; x_wconf 69' lang='lat' dir='ltr'><strong>discordia,</strong></span> <span class='ocrx_word' id='word_1_351' title='bbox 662 3486 745 3524; x_wconf 81' lang='lat' dir='ltr'><strong>stc.</strong></span> 
     </span>
    </p>
   </div>
   <div class='ocr_carea' id='block_1_8' title="bbox 1203 2100 2106 2909">
    <p class='ocr_par' dir='ltr' id='par_1_19' title="bbox 1203 2100 2104 2300">
     <span class='ocr_line' id='line_1_57' title="bbox 1260 2100 2104 2152; baseline -0.005 -11"><span class='ocrx_word' id='word_1_352' title='bbox 1260 2108 1326 2142; x_wconf 77' lang='lat' dir='ltr'><strong>eo.</strong></span> <span class='ocrx_word' id='word_1_353' title='bbox 1342 2100 1452 2143; x_wconf 72' lang='lat' dir='ltr'><strong>Beni</strong></span> <span class='ocrx_word' id='word_1_354' title='bbox 1465 2100 1662 2152; x_wconf 75' lang='lat' dir='ltr'><strong>ferratos,</strong></span> <span class='ocrx_word' id='word_1_355' title='bbox 1683 2106 1764 2140; x_wconf 81' lang='lat' dir='ltr'><strong>etc.</strong></span> <span class='ocrx_word' id='word_1_356' title='bbox 1784 2101 1958 2140; x_wconf 75' lang='lat' dir='ltr'><strong>Pet-belli</strong></span> <span class='ocrx_word' id='word_1_357' title='bbox 1968 2101 2104 2148; x_wconf 82' lang='lat' dir='ltr'><strong>postes</strong></span> 
     </span>
     <span class='ocr_line' id='line_1_58' title="bbox 1203 2153 2099 2203; baseline -0.004 -10"><span class='ocrx_word' id='word_1_358' title='bbox 1203 2156 1389 2200; x_wconf 70' lang='lat' dir='ltr'><strong>intelligit</strong></span> <span class='ocrx_word' id='word_1_359' title='bbox 1406 2158 1543 2203; x_wconf 80' lang='lat' dir='ltr'><strong>portas</strong></span> <span class='ocrx_word' id='word_1_360' title='bbox 1559 2155 1697 2200; x_wconf 80' lang='lat' dir='ltr'><strong>templi</strong></span> <span class='ocrx_word' id='word_1_361' title='bbox 1715 2156 1806 2193; x_wconf 75' lang='lat' dir='ltr'><strong>sani</strong></span> <span class='ocrx_word' id='word_1_362' title='bbox 1818 2181 1830 2201; x_wconf 87' lang='lat'><strong>,</strong></span> <span class='ocrx_word' id='word_1_363' title='bbox 1859 2162 1971 2200; x_wconf 73' lang='lat' dir='ltr'><strong>qum,</strong></span> <span class='ocrx_word' id='word_1_364' title='bbox 1996 2153 2099 2190; x_wconf 77' lang='lat' dir='ltr'><strong>indi·</strong></span> 
     </span>
     <span class='ocr_line' id='line_1_59' title="bbox 1205 2206 2100 2255; baseline -0.004 -8"><span class='ocrx_word' id='word_1_365' title='bbox 1205 2210 1272 2248; x_wconf 88' lang='lat' dir='ltr'><strong>cto</strong></span> <span class='ocrx_word' id='word_1_366' title='bbox 1315 2207 1422 2248; x_wconf 85' lang='lat' dir='ltr'><strong>bello</strong></span> <span class='ocrx_word' id='word_1_367' title='bbox 1439 2235 1452 2254; x_wconf 89' lang='lat'><strong>,</strong></span> <span class='ocrx_word' id='word_1_368' title='bbox 1506 2208 1809 2255; x_wconf 75' lang='lat' dir='ltr'><strong>aperiebantur,</strong></span> <span class='ocrx_word' id='word_1_369' title='bbox 1857 2206 2100 2253; x_wconf 77' lang='lat' dir='ltr'><strong>composito,</strong></span> 
     </span>
     <span class='ocr_line' id='line_1_60' title="bbox 1205 2261 1506 2300; baseline -0.003 0"><span class='ocrx_word' id='word_1_370' title='bbox 1205 2261 1506 2300; x_wconf 75' lang='lat' dir='ltr'><strong>claudebantur.</strong></span> 
     </span>
    </p>

    <p class='ocr_par' dir='ltr' id='par_1_20' title="bbox 1206 2310 2100 2407">
     <span class='ocr_line' id='line_1_61' title="bbox 1263 2310 2100 2359; baseline -0.004 -6"><span class='ocrx_word' id='word_1_371' title='bbox 1263 2318 1330 2353; x_wconf 74' lang='lat' dir='ltr'><strong>ss.</strong></span> <span class='ocrx_word' id='word_1_372' title='bbox 1358 2312 1586 2359; x_wconf 76' lang='lat' dir='ltr'><strong>Hactenus,</strong></span> <span class='ocrx_word' id='word_1_373' title='bbox 1611 2316 1693 2351; x_wconf 84' lang='lat' dir='ltr'><strong>etc.</strong></span> <span class='ocrx_word' id='word_1_374' title='bbox 1726 2311 1802 2351; x_wconf 82' lang='lat' dir='ltr'><strong>sed</strong></span> <span class='ocrx_word' id='word_1_375' title='bbox 1819 2312 1906 2350; x_wconf 66' lang='lat' dir='ltr'><strong>hac</strong></span> <span class='ocrx_word' id='word_1_376' title='bbox 1925 2318 2022 2349; x_wconf 85' lang='lat' dir='ltr'><strong>sane</strong></span> <span class='ocrx_word' id='word_1_377' title='bbox 2048 2310 2100 2350; x_wconf 77' lang='lat' dir='ltr'><strong>de</strong></span> 
     </span>
     <span class='ocr_line' id='line_1_62' title="bbox 1206 2366 2046 2407; baseline -0.007 0"><span class='ocrx_word' id='word_1_378' title='bbox 1206 2368 1332 2407; x_wconf 72' lang='lat' dir='ltr'><strong>satira</strong></span> <span class='ocrx_word' id='word_1_379' title='bbox 1353 2370 1395 2405; x_wconf 86' lang='lat' dir='ltr'><strong>et</strong></span> <span class='ocrx_word' id='word_1_380' title='bbox 1411 2368 1609 2405; x_wconf 68' lang='lat' dir='ltr'><strong>comoedia</strong></span> <span class='ocrx_word' id='word_1_381' title='bbox 1627 2366 1736 2403; x_wconf 80' lang='lat' dir='ltr'><strong>dicta</strong></span> <span class='ocrx_word' id='word_1_382' title='bbox 1749 2366 1828 2403; x_wconf 86' lang='lat' dir='ltr'><strong>sint</strong></span> <span class='ocrx_word' id='word_1_383' title='bbox 1839 2366 2046 2404; x_wconf 76' lang='lat' dir='ltr'><strong>hactenns.</strong></span> 
     </span>
    </p>

    <p class='ocr_par' dir='ltr' id='par_1_21' title="bbox 1208 2416 2104 2511">
     <span class='ocr_line' id='line_1_63' title="bbox 1265 2416 2104 2469; baseline -0.002 -12"><span class='ocrx_word' id='word_1_384' title='bbox 1265 2424 1330 2459; x_wconf 67' lang='lat'><strong>610.</strong></span> <span class='ocrx_word' id='word_1_385' title='bbox 1366 2417 1534 2459; x_wconf 78' lang='lat' dir='ltr'><strong>Sulcius</strong></span> <span class='ocrx_word' id='word_1_386' title='bbox 1547 2448 1560 2467; x_wconf 85' lang='lat'><strong>,</strong></span> <span class='ocrx_word' id='word_1_387' title='bbox 1595 2416 1795 2469; x_wconf 77' lang='lat' dir='ltr'><strong>Caprius.</strong></span> <span class='ocrx_word' id='word_1_388' title='bbox 1834 2417 2026 2457; x_wconf 73' lang='lat' dir='ltr'><strong>Acci-rimi</strong></span> <span class='ocrx_word' id='word_1_389' title='bbox 2060 2419 2104 2455; x_wconf 75' lang='lat' dir='ltr'><strong>ot</strong></span> 
     </span>
     <span class='ocr_line' id='line_1_64' title="bbox 1208 2472 1646 2511; baseline -0.005 0"><span class='ocrx_word' id='word_1_390' title='bbox 1208 2472 1404 2511; x_wconf 81' lang='lat' dir='ltr'><strong>notissimi</strong></span> <span class='ocrx_word' id='word_1_391' title='bbox 1431 2474 1646 2511; x_wconf 83' lang='lat' dir='ltr'><strong>delatores.</strong></span> 
     </span>
    </p>

    <p class='ocr_par' dir='ltr' id='par_1_22' title="bbox 1207 2519 2106 2680">
     <span class='ocr_line' id='line_1_65' title="bbox 1264 2519 2106 2569; baseline -0.001 -6"><span class='ocrx_word' id='word_1_392' title='bbox 1264 2530 1331 2565; x_wconf 75' lang='grc'><strong>65.</strong></span> <span class='ocrx_word' id='word_1_393' title='bbox 1345 2524 1476 2564; x_wconf 74' lang='lat' dir='ltr'><strong>Male.</strong></span> <span class='ocrx_word' id='word_1_394' title='bbox 1495 2519 1879 2564; x_wconf 56' lang='lat' dir='ltr'><strong>valde-Libente.</strong></span> <span class='ocrx_word' id='word_1_395' title='bbox 1895 2526 1943 2561; x_wconf 83' lang='lat' dir='ltr'><strong>ln</strong></span> <span class='ocrx_word' id='word_1_396' title='bbox 1958 2522 2106 2569; x_wconf 79' lang='lat' dir='ltr'><strong>quibas</strong></span> 
     </span>
     <span class='ocr_line' id='line_1_66' title="bbox 1207 2576 2099 2623; baseline -0.002 -6"><span class='ocrx_word' id='word_1_397' title='bbox 1207 2588 1348 2618; x_wconf 89' lang='lat' dir='ltr'><strong>eorum</strong></span> <span class='ocrx_word' id='word_1_398' title='bbox 1379 2579 1544 2617; x_wconf 84' lang='lat' dir='ltr'><strong>crimina</strong></span> <span class='ocrx_word' id='word_1_399' title='bbox 1578 2580 1620 2617; x_wconf 89' lang='lat' dir='ltr'><strong>et</strong></span> <span class='ocrx_word' id='word_1_400' title='bbox 1662 2578 1823 2616; x_wconf 74' lang='lat' dir='ltr'><strong>nomina</strong></span> <span class='ocrx_word' id='word_1_401' title='bbox 1861 2576 2099 2623; x_wconf 74' lang='lat' dir='ltr'><strong>servabam,</strong></span> 
     </span>
     <span class='ocr_line' id='line_1_67' title="bbox 1209 2631 1700 2680; baseline -0.008 -8"><span class='ocrx_word' id='word_1_402' title='bbox 1209 2641 1314 2680; x_wconf 82' lang='lat' dir='ltr'><strong>quos</strong></span> <span class='ocrx_word' id='word_1_403' title='bbox 1334 2641 1522 2671; x_wconf 73' lang='lat' dir='ltr'><strong>accusare</strong></span> <span class='ocrx_word' id='word_1_404' title='bbox 1542 2631 1700 2670; x_wconf 81' lang='lat' dir='ltr'><strong>vellent.</strong></span> 
     </span>
    </p>

    <p class='ocr_par' dir='ltr' id='par_1_23' title="bbox 1213 2685 2099 2789">
     <span class='ocr_line' id='line_1_68' title="bbox 1264 2685 2099 2734; baseline -0.005 -1"><span class='ocrx_word' id='word_1_405' title='bbox 1264 2698 1332 2734; x_wconf 71' lang='lat'><strong>⁶⁷.</strong></span> <span class='ocrx_word' id='word_1_406' title='bbox 1360 2692 1505 2733; x_wconf 74' lang='lat' dir='ltr'><strong>Puris.</strong></span> <span class='ocrx_word' id='word_1_407' title='bbox 1523 2694 1681 2733; x_wconf 82' lang='lat' dir='ltr'><strong>scilicet</strong></span> <span class='ocrx_word' id='word_1_408' title='bbox 1700 2701 1726 2731; x_wconf 85' lang='lat' dir='ltr'><strong>a</strong></span> <span class='ocrx_word' id='word_1_409' title='bbox 1742 2690 1908 2731; x_wconf 84' lang='lat' dir='ltr'><strong>scelere.</strong></span> <span class='ocrx_word' id='word_1_410' title='bbox 1925 2685 2099 2730; x_wconf 71' lang='lat' dir='ltr'><strong>-con-</strong></span> 
     </span>
     <span class='ocr_line' id='line_1_69' title="bbox 1213 2748 1996 2789; baseline -0.006 -2"><span class='ocrx_word' id='word_1_411' title='bbox 1213 2751 1394 2787; x_wconf 74' lang='lat' dir='ltr'><strong>temnat.</strong></span> <span class='ocrx_word' id='word_1_412' title='bbox 1419 2749 1549 2789; x_wconf 80' lang='lat' dir='ltr'><strong>Possit</strong></span> <span class='ocrx_word' id='word_1_413' title='bbox 1564 2748 1707 2786; x_wconf 79' lang='lat' dir='ltr'><strong>met-lto</strong></span> <span class='ocrx_word' id='word_1_414' title='bbox 1725 2749 1996 2785; x_wconf 80' lang='lat' dir='ltr'><strong>contemnere.</strong></span> 
     </span>
    </p>

    <p class='ocr_par' dir='ltr' id='par_1_24' title="bbox 1207 2800 2103 2909">
     <span class='ocr_line' id='line_1_70' title="bbox 1263 2800 2103 2849; baseline -0.004 -1"><span class='ocrx_word' id='word_1_415' title='bbox 1263 2814 1331 2849; x_wconf 77' lang='lat'><strong>70.</strong></span> <span class='ocrx_word' id='word_1_416' title='bbox 1349 2809 1558 2849; x_wconf 77' lang='lat' dir='ltr'><strong>Taberna.</strong></span> <span class='ocrx_word' id='word_1_417' title='bbox 1579 2810 1742 2849; x_wconf 80' lang='lat' dir='ltr'><strong>Officina</strong></span> <span class='ocrx_word' id='word_1_418' title='bbox 1755 2800 2103 2847; x_wconf 59' lang='lat' dir='ltr'><strong>tiburim-Pila.</strong></span> 
     </span>
     <span class='ocr_line' id='line_1_71' title="bbox 1207 2858 2103 2909; baseline -0.006 -7"><span class='ocrx_word' id='word_1_419' title='bbox 1207 2866 1336 2902; x_wconf 78' lang='lat' dir='ltr'><strong>Pestis</strong></span> <span class='ocrx_word' id='word_1_420' title='bbox 1362 2865 1424 2903; x_wconf 75' lang='lat' dir='ltr'><strong>vel</strong></span> <span class='ocrx_word' id='word_1_421' title='bbox 1444 2864 1628 2901; x_wconf 77' lang='lat' dir='ltr'><strong>columna</strong></span> <span class='ocrx_word' id='word_1_422' title='bbox 1642 2891 1653 2909; x_wconf 94' lang='lat'><strong>,</strong></span> <span class='ocrx_word' id='word_1_423' title='bbox 1676 2864 1746 2901; x_wconf 84' lang='lat' dir='ltr'><strong>ubl</strong></span> <span class='ocrx_word' id='word_1_424' title='bbox 1761 2862 1854 2899; x_wconf 85' lang='lat' dir='ltr'><strong>libri</strong></span> <span class='ocrx_word' id='word_1_425' title='bbox 1868 2860 2027 2900; x_wconf 81' lang='lat' dir='ltr'><strong>venales</strong></span> <span class='ocrx_word' id='word_1_426' title='bbox 2043 2858 2103 2897; x_wconf 76' lang='lat' dir='ltr'><strong>si·</strong></span> 
     </span>
    </p>
   </div>
   <div class='ocr_carea' id='block_1_9' title="bbox 1207 2913 2105 3016">
    <p class='ocr_par' dir='ltr' id='par_1_25' title="bbox 1207 2913 2105 3016">
     <span class='ocr_line' id='line_1_72' title="bbox 1209 2913 2105 2963; baseline -0.002 -10"><span class='ocrx_word' id='word_1_427' title='bbox 1209 2916 1276 2962; x_wconf 69' lang='lat' dir='ltr'><strong>iissl</strong></span> <span class='ocrx_word' id='word_1_428' title='bbox 1303 2917 1460 2963; x_wconf 83' lang='lat' dir='ltr'><strong>solent,</strong></span> <span class='ocrx_word' id='word_1_429' title='bbox 1491 2921 1562 2954; x_wconf 78' lang='lat' dir='ltr'><strong>ant</strong></span> <span class='ocrx_word' id='word_1_430' title='bbox 1584 2926 1710 2963; x_wconf 82' lang='lat' dir='ltr'><strong>prope</strong></span> <span class='ocrx_word' id='word_1_431' title='bbox 1743 2924 1844 2962; x_wconf 82' lang='lat' dir='ltr'><strong>quss</strong></span> <span class='ocrx_word' id='word_1_432' title='bbox 1872 2913 2105 2961; x_wconf 67' lang='lat' dir='ltr'><strong>bibliopola</strong></span> 
     </span>
     <span class='ocr_line' id='line_1_73' title="bbox 1207 2970 1731 3016; baseline -0.006 -8"><span class='ocrx_word' id='word_1_433' title='bbox 1207 2976 1304 3008; x_wconf 83' lang='lat' dir='ltr'><strong>suas</strong></span> <span class='ocrx_word' id='word_1_434' title='bbox 1318 2970 1498 3008; x_wconf 79' lang='lat' dir='ltr'><strong>officinas</strong></span> <span class='ocrx_word' id='word_1_435' title='bbox 1515 2970 1731 3016; x_wconf 81' lang='lat' dir='ltr'><strong>ponebant.</strong></span> 
     </span>
    </p>
   </div>
   <div class='ocr_carea' id='block_1_10' title="bbox 1263 3028 2102 3075">
    <p class='ocr_par' dir='ltr' id='par_1_26' title="bbox 1263 3028 2102 3075">
     <span class='ocr_line' id='line_1_74' title="bbox 1263 3028 2102 3075; baseline -0.002 -7"><span class='ocrx_word' id='word_1_436' title='bbox 1263 3033 1334 3069; x_wconf 72' lang='grc' dir='ltr'><strong>τι.</strong></span> <span class='ocrx_word' id='word_1_437' title='bbox 1361 3028 1550 3069; x_wconf 74' lang='lat' dir='ltr'><strong>Insudet.</strong></span> <span class='ocrx_word' id='word_1_438' title='bbox 1567 3035 1648 3069; x_wconf 76' lang='lat' dir='ltr'><strong>Ros</strong></span> <span class='ocrx_word' id='word_1_439' title='bbox 1669 3030 1842 3069; x_wconf 82' lang='lat' dir='ltr'><strong>tenendo</strong></span> <span class='ocrx_word' id='word_1_440' title='bbox 1859 3032 1902 3067; x_wconf 87' lang='lat' dir='ltr'><strong>et</strong></span> <span class='ocrx_word' id='word_1_441' title='bbox 1917 3028 2102 3075; x_wconf 64' lang='lat' dir='ltr'><strong>legendo.</strong></span> 
     </span>
    </p>
   </div>
   <div class='ocr_carea' id='block_1_11' title="bbox 1207 3091 2108 3415">
    <p class='ocr_par' dir='ltr' id='par_1_27' title="bbox 1263 3091 1841 3133">
     <span class='ocr_line' id='line_1_75' title="bbox 1263 3091 1841 3133; baseline -0.005 -1"><span class='ocrx_word' id='word_1_442' title='bbox 1263 3096 1333 3132; x_wconf 71' lang='grc' dir='ltr'><strong>Ἧι.</strong></span> <span class='ocrx_word' id='word_1_443' title='bbox 1360 3091 1585 3133; x_wconf 67' lang='lat' dir='ltr'><strong>Laenates.</strong></span> <span class='ocrx_word' id='word_1_444' title='bbox 1608 3097 1653 3131; x_wconf 86' lang='lat' dir='ltr'><strong>ln</strong></span> <span class='ocrx_word' id='word_1_445' title='bbox 1675 3092 1841 3131; x_wconf 87' lang='lat' dir='ltr'><strong>balneis.</strong></span> 
     </span>
    </p>

    <p class='ocr_par' dir='ltr' id='par_1_28' title="bbox 1207 3150 2108 3415">
     <span class='ocr_line' id='line_1_76' title="bbox 1265 3150 2106 3198; baseline -0.001 -7"><span class='ocrx_word' id='word_1_446' title='bbox 1265 3157 1332 3192; x_wconf 71' lang='grc'><strong>75.</strong></span> <span class='ocrx_word' id='word_1_447' title='bbox 1360 3152 1496 3193; x_wconf 77' lang='lat' dir='ltr'><strong>Locus</strong></span> <span class='ocrx_word' id='word_1_448' title='bbox 1513 3152 1747 3192; x_wconf 74' lang='lat' dir='ltr'><strong>conclusus.</strong></span> <span class='ocrx_word' id='word_1_449' title='bbox 1767 3153 1910 3191; x_wconf 76' lang='lat' dir='ltr'><strong>Balnea</strong></span> <span class='ocrx_word' id='word_1_450' title='bbox 1929 3150 2106 3198; x_wconf 78' lang='lat' dir='ltr'><strong>undique</strong></span> 
     </span>
     <span class='ocr_line' id='line_1_77' title="bbox 1209 3203 2104 3245; baseline -0.004 0"><span class='ocrx_word' id='word_1_451' title='bbox 1209 3205 1345 3245; x_wconf 81' lang='lat' dir='ltr'><strong>clausa</strong></span> <span class='ocrx_word' id='word_1_452' title='bbox 1373 3215 1512 3244; x_wconf 85' lang='lat' dir='ltr'><strong>vocem</strong></span> <span class='ocrx_word' id='word_1_453' title='bbox 1539 3208 1712 3244; x_wconf 76' lang='lat' dir='ltr'><strong>suaviter</strong></span> <span class='ocrx_word' id='word_1_454' title='bbox 1738 3206 1958 3244; x_wconf 81' lang='lat' dir='ltr'><strong>remittunt.</strong></span> <span class='ocrx_word' id='word_1_455' title='bbox 1987 3203 2104 3242; x_wconf 84' lang='lat' dir='ltr'><strong>Clau·</strong></span> 
     </span>
     <span class='ocr_line' id='line_1_78' title="bbox 1212 3258 2104 3304; baseline -0.001 -7"><span class='ocrx_word' id='word_1_456' title='bbox 1212 3260 1359 3297; x_wconf 84' lang='lat' dir='ltr'><strong>duntur</strong></span> <span class='ocrx_word' id='word_1_457' title='bbox 1378 3262 1514 3298; x_wconf 83' lang='lat' dir='ltr'><strong>autem</strong></span> <span class='ocrx_word' id='word_1_458' title='bbox 1550 3262 1735 3297; x_wconf 86' lang='lat' dir='ltr'><strong>accurate</strong></span> <span class='ocrx_word' id='word_1_459' title='bbox 1765 3258 1929 3304; x_wconf 80' lang='lat' dir='ltr'><strong>balnea,</strong></span> <span class='ocrx_word' id='word_1_460' title='bbox 1963 3266 2013 3296; x_wconf 82' lang='lat' dir='ltr'><strong>ne</strong></span> <span class='ocrx_word' id='word_1_461' title='bbox 2033 3264 2104 3296; x_wconf 73' lang='lat' dir='ltr'><strong>ca-</strong></span> 
     </span>
     <span class='ocr_line' id='line_1_79' title="bbox 1207 3310 2108 3357; baseline -0.002 -6"><span class='ocrx_word' id='word_1_462' title='bbox 1207 3312 1275 3352; x_wconf 86' lang='lat' dir='ltr'><strong>lor</strong></span> <span class='ocrx_word' id='word_1_463' title='bbox 1299 3313 1451 3351; x_wconf 79' lang='lat' dir='ltr'><strong>effluat.</strong></span> <span class='ocrx_word' id='word_1_464' title='bbox 1475 3331 1525 3341; x_wconf 92' lang='lat'>—</span> <span class='ocrx_word' id='word_1_465' title='bbox 1549 3310 1712 3352; x_wconf 74' lang='lat' dir='ltr'><strong>[nones.</strong></span> <span class='ocrx_word' id='word_1_466' title='bbox 1743 3311 1935 3350; x_wconf 81' lang='lat' dir='ltr'><strong>nomines</strong></span> <span class='ocrx_word' id='word_1_467' title='bbox 1961 3318 2108 3357; x_wconf 80' lang='lat' dir='ltr'><strong>parum</strong></span> 
     </span>
     <span class='ocr_line' id='line_1_80' title="bbox 1212 3371 1637 3415; baseline -0.009 -9"><span class='ocrx_word' id='word_1_468' title='bbox 1212 3371 1431 3415; x_wconf 84' lang='lat' dir='ltr'><strong>occupatos</strong></span> <span class='ocrx_word' id='word_1_469' title='bbox 1443 3394 1455 3414; x_wconf 90' lang='lat'><strong>,</strong></span> <span class='ocrx_word' id='word_1_470' title='bbox 1474 3374 1637 3405; x_wconf 80' lang='lat' dir='ltr'><strong>vacuos.</strong></span> 
     </span>
    </p>
   </div>
   <div class='ocr_carea' id='block_1_12' title="bbox 1211 3426 2104 3587">
    <p class='ocr_par' dir='ltr' id='par_1_29' title="bbox 1211 3426 2104 3587">
     <span class='ocr_line' id='line_1_81' title="bbox 1267 3426 2104 3479; baseline -0.006 -11"><span class='ocrx_word' id='word_1_471' title='bbox 1267 3434 1333 3469; x_wconf 76' lang='lat'><strong>76.</strong></span> <span class='ocrx_word' id='word_1_472' title='bbox 1362 3428 1491 3469; x_wconf 80' lang='lat' dir='ltr'><strong>Haud</strong></span> <span class='ocrx_word' id='word_1_473' title='bbox 1518 3426 1628 3468; x_wconf 75' lang='lat' dir='ltr'><strong>illua</strong></span> <span class='ocrx_word' id='word_1_474' title='bbox 1657 3429 1903 3479; x_wconf 74' lang='lat' dir='ltr'><strong>quaerentes.</strong></span> <span class='ocrx_word' id='word_1_475' title='bbox 1924 3426 2012 3465; x_wconf 58' lang='lat' dir='ltr'><strong>lton</strong></span> <span class='ocrx_word' id='word_1_476' title='bbox 2033 3432 2104 3464; x_wconf 73' lang='lat' dir='ltr'><strong>cn·</strong></span> 
     </span>
     <span class='ocr_line' id='line_1_82' title="bbox 1211 3486 1936 3587; baseline -0.007 -64"><span class='ocrx_word' id='word_1_477' title='bbox 1211 3486 1358 3523; x_wconf 81' lang='lat' dir='ltr'><strong>rantes.</strong></span> <span class='ocrx_word' id='word_1_478' title='bbox 1901 3535 1936 3587; x_wconf 72' lang='lat'><em>8</em></span> 
     </span>
    </p>
   </div>
  </div>
 </body>
</html>
