2317 3850
775 139 1149 185 EPISTULARUM
1187 139 1344 182 Lim—:tt
1379 139 1443 183 u.

1910 121 2021 186 309

320 219 542 276 indocti
561 261 576 286 ,
609 217 946 288 stolidique,
972 223 1031 275 et
1047 218 1370 289 depugnare
1388 216 1596 287 parati,

177 290 285 352 185
319 292 385 351 si
412 287 699 347 discordet
724 303 925 358 equeS,
962 289 1140 345 media
1164 289 1315 344 iuter
1342 288 1586 342 carmina
1611 287 1854 356 poscunt

318 361 434 420 Aut
465 373 656 417 ursum
680 401 696 424 ‚
725 365 825 415 aut
855 360 1109 430 pugiles:

1137 359 1231 414 bis
1255 373 1382 414 nam
1399 358 1689 430 plebecula
1719 355 1944 426 gaudet.

318 433 525 488 Verum
554 430 765 499 equitis
785 431 1135 499 quoquejam
1158 429 1421 500 migravit
1441 429 1510 484 ab
1530 443 1666 484 aure
1687 428 1950 500 voluptas

318 502 524 560 Omnis
553 503 622 558 ad
648 502 894 557 incertos
921 501 1115 557 oculos
1135 540 1152 566 ‚
1181 507 1239 556 et
1264 499 1466 570 gaudia
1488 512 1649 555 vana.

318 573 598 642 Quattuor
621 576 717 627 aut
746 570 939 640 plures
965 570 1139 626 aulaea
1165 576 1497 640 premuntur
1526 570 1584 624 in
1607 569 1780 625 horas
1797 608 1816 636 ,

182 643 289 706 190
320 645 466 701 Dum
496 641 724 712 fugiunt
744 642 996 712 equitum
1020 645 1246 707 turmae‚
1282 641 1637 710 peditumque
1663 642 1928 709 catervae3

319 714 455 772 Mox
481 713 724 769 trahitur
750 712 1010 768 manibus
1039 725 1229 782 regum
1255 709 1484 767 fortuna
1511 713 1762 776 retortis;

320 785 539 842 Esseda
563 782 863 847 festinant,
885 783 1095 853 pilenta
1114 823 1131 849 ,
1155 783 1456 852 petorrita,
1492 794 1694 847 navcs3

322 855 619 924 Captivum
649 858 909 923 portatur
934 853 1096 918 ebur,
1120 853 1341 922 captiva
1361 851 1692 909 Corinthus·

324 927 386 983 Si
416 925 561 982 foret
584 924 642 981 in
668 924 867 990 terris,
900 923 1109 980 rideret
1129 923 1514 988 DemocrituS,
1545 936 1648 980 seu

182 996 290 1058 195
321 997 617 1053 Diversum
644 993 879 1051 confusa
904 1008 1081 1065 genus
1108 995 1377 1063 panthera
1401 992 1644 1061 camele,

331 1067 460 1124 Sive
481 1066 707 1136 elephas
731 1065 897 1122 albus
924 1063 1077 1134 vulgi
1103 1067 1450 1120 converteret
1474 1075 1594 1120 ora.

325 1137 614 1207 Spectaret
636 1135 907 1207 populum
934 1134 1089 1190 ludis
1112 1134 1386 1191 attentius
1414 1133 1586 1203 ipsis,

326 1208 407 1264 Ut
434 1207 545 1264 sibi
577 1207 911 1276 praebentem
934 1204 1104 1261 mimo
1125 1203 1443 1274 spectacula
1470 1204 1635 1273 plura
1659 1223 1676 1258 ε

324 1278 643 1347 Scriptores
667 1280 855 1334 autem
887 1288 1115 1331 narrare
1139 1278 1366 1344 putaret
1391 1272 1568 1330 asello

184 1347 297 1412 200
328 1347 610 1404 Fabellam
639 1347 850 1404 surdo:
876 1359 1003 1402 nam
1032 1359 1157 1415 quae
1183 1345 1501 1414 pervincere
1521 1355 1686 1400 voces

328 1419 602 1477 Evaluere
630 1430 830 1475 sonum
848 1458 865 1484 ,
895 1413 1148 1472 referunt
1175 1429 1338 1485 quem
1371 1421 1566 1471 nostra
1595 1409 1859 1470 theatra?

329 1491 653 1562 Garganum
678 1488 897 1558 mugire
924 1491 1092 1557 putes
1117 1498 1317 1541 nemus
1336 1527 1352 1551 ,
1377 1491 1476 1541 aut
1503 1498 1653 1540 mare
1677 1483 1948 1555 Tuscum,

326 1560 507 1618 Tanto
533 1574 659 1615 cum
684 1559 925 1629 strepitu
956 1556 1076 1613 ludi
1106 1560 1453 1625 spectantur,
1478 1561 1536 1614 et
1556 1561 1738 1623 artes,

327 1629 663 1700 Divitiaeque
688 1627 1029 1701 peregrinae3
1058 1627 1270 1697 quibus
1298 1626 1512 1684 obiitus
1536 1630 1712 1692 actor,

178 1697 295 1762 205
328 1700 515 1771 Quum
538 1702 699 1758 stetit
722 1700 782 1757 in
805 1713 1002 1768 scena,
1026 1697 1317 1756 concurrit
1337 1699 1566 1756 dextera
1590 1696 1844 1754 laevae.-

176 1829 329 1874 πωπω
352 1832 398 1868 et
417 1829 629 1876 stolidum,
658 1829 700 1869 in
724 1831 856 1871 media
882 1829 1081 1871 comoedia

176 1891 297 1929 sape
329 1885 471 1928 poscat
502 1884 769 1930 spectaculum
812 1885 999 1933 aliquod,
1036 1887 1080 1923 et

177 1938 391 1975 certamen
406 1935 579 1976 terarum
598 1941 668 1975 aut
683 1938 935 1984 athletarum,
957 1946 1075 1984 para·

179 1992 273 2027 tum
289 1990 411 2027 etlam
432 1990 482 2028 ad
500 1999 611 2028 arma
633 1994 674 2028 et
694 1992 857 2030 verbera
878 1991 1023 2037 venire,
1043 1991 1079 2028 si

180 2042 343 2088 equites
374 2046 416 2079 et
450 2044 665 2082 nobiliores
705 2047 973 2089 spectatores,
1008 2044 1080 2089 qul

180 2097 279 2134 sunt
303 2096 514 2141 pauciores
530 2122 541 2141 ,
561 2095 813 2141 discordent,
836 2096 878 2132 ld
898 2098 979 2140 est,
1012 2102 1076 2133 re·

184 2151 331 2193 spuant
346 2148 387 2184 id
402 2148 511 2193 quod
528 2147 665 2191 vuinus
682 2148 783 2192 petit
796 2175 808 2193 ,
830 2146 969 2185 malint
985 2154 1075 2192 spe-

184 2202 296 2241 ctare
310 2200 549 2238 comoediam
561 2207 681 2245 quam
694 2207 809 2236 ursos
822 2202 893 2237 aut
909 2199 1077 2244 pugiles.

242 2266 339 2302 197.
368 2259 540 2308 Verum,
566 2264 649 2299 etc.
666 2260 813 2298 Verum
835 2263 878 2297 et
894 2260 1080 2306 ipsiquo-

187 2324 268 2362 que
298 2316 455 2362 equites
482 2316 568 2362 lam
593 2313 841 2351 delectantur
870 2313 996 2357 magis
1020 2313 1077 2351 vi·

188 2368 328 2407 (leudis
344 2367 605 2415 spectaculis,
636 2373 759 2413 quam
782 2366 988 2405 audiendis
1009 2373 1077 2404 co·

186 2422 345 2461 modiis
362 2424 405 2460 et
428 2421 644 2465 trassoediis.

243 2484 338 2521 199.
365 2477 563 2521 Incertus.
581 2480 731 2521 Dubios
749 2488 833 2526 uuo
849 2488 893 2518 se
908 2482 1080 2527 vertant,

187 2534 449 2627 atgaf-nam
459 2544 593 2575 rerum
604 2534 998 2581 contemplandarum
1012 2541 1079 2573 va·

244 2652 340 2689 199.
368 2646 589 2700 Quattuor,
615 2653 699 2690 eto.
715 2651 763 2690 id
783 2654 867 2697 est,
886 2650 1086 2690 cumoedia

189 2710 264 2750 per
297 2703 418 2743 boras
449 2708 623 2749 quatuor
655 2708 729 2743 aut
762 2704 897 2751 plures
930 2706 1049 2744 durat
1070 2718 1083 2743 z

192 2756 382 2799 quamdiu
402 2758 553 2795 scilicet
574 2758 701 2796 auloea
722 2760 845 2796 strata
858 2759 1010 2805 lacent.
1032 2776 1083 2787 -

196 2804 462 2848 Premuneur.
486 2814 643 2850 lauant
670 2811 881 2858 depressa,
913 2812 1086 2851 demissa

194 2862 258 2904 (ut
272 2868 357 2901 mos
375 2890 384 2908 .
404 2864 501 2901 dum
516 2863 661 2901 fabulo
677 2864 927 2908 emebantur).
947 2865 1085 2904 Aulaea

189 2914 299 2953 enlm
329 2916 436 2963 apud
474 2919 626 2953 veteres
656 2924 739 2952 non
755 2942 765 2960 ,
808 2916 913 2953 sicut
950 2925 1054 2954 nunc
1070 2944 1082 2964 ,

189 2972 317 3012 quum
332 2968 452 3006 ludus
473 2966 611 3012 incipit
624 2993 634 3011 ,
654 2975 809 3004 sursum
827 2967 1083 3017 tollebantur,

186 3021 261 3059 sed
282 3029 334 3059 ex
349 3029 507 3059 summo
534 3020 585 3057 ad
604 3021 727 3056 imum
743 3019 1084 3065 deprimebantur.

246 3083 342 3119 199.
370 3078 570 3129 Fugiunt.
598 3083 701 3118 num
726 3079 863 3118 hostes
890 3078 1088 3126 rugientes

187 3134 233 3173 iu
252 3132 411 3170 theatro
427 3134 675 3171 exhibentur.

248 3196 346 3231 192.
394 3190 579 3239 Beseda,
626 3191 812 3242 pilenta,
854 3193 1084 3244 petorrita.

189 3249 294 3286 Sunt
318 3245 459 3291 gallica
485 3248 527 3283 et
549 3246 703 3290 belgica
727 3248 995 3285 vehiculorum
1018 3258 1085 3293 ge·

189 3309 314 3346 uera,
337 3299 484 3345 quibus
506 3300 547 3338 iu
568 3306 717 3346 pompa
736 3300 963 3347 triumphali
979 3302 1088 3348 capti

188 3361 307 3399 retes
326 3353 550 3399 resinaque
565 3380 577 3399 ,
598 3352 659 3391 vei
676 3352 808 3399 spolia
828 3355 1085 3395 vehebantur.

250 3417 345 3453 193.
373 3412 596 3453 Pon-tatur.
616 3416 765 3459 ttempe
790 3413 832 3453 in
853 3414 1010 3452 theatro
1032 3415 1086 3453 ad

190 3475 385 3517 pompam
404 3472 448 3510 et
471 3468 760 3518 spectaculum.
782 3484 832 3497 —
857 3464 1088 3522 Captivum

1132 1825 1252 1874 ebur.
1283 1829 1462 1875 Intellise
1488 1828 1638 1868 variam
1665 1827 1951 1876 supellectilem
1973 1833 2025 1868 ex

1130 1885 1256 1922 ebore
1273 1883 1444 1930 tactum,
1470 1883 1530 1920 vel
1547 1883 1801 1920 simulacrum
1825 1881 1934 1920 urbis
1953 1888 2022 1919 ca·

1132 1940 1214 1985 ptae
1232 1946 1281 1977 ex
1293 1938 1413 1975 ebore
1428 1937 1594 1975 tactum.
1613 1955 1664 1965 —
1678 1933 1861 1987 Captiva
1873 1932 2024 1975 Corin·

1131 1989 1244 2029 thus.
1289 1992 1360 2030 vei
1398 1990 1546 2035 effigies
1574 1990 1752 2028 Corinthi
1781 1997 1808 2027 a
1837 1988 2026 2027 nummio

1130 2046 1390 2133 εῗριιὲῗῖιαιω,
1416 2043 1478 2081 vel
1501 2050 1594 2081 vasa
1614 2045 1656 2080 et
1674 2046 1816 2082 statute
1845 2041 1937 2081 oris
1951 2050 2024 2080 co-

1136 2103 1157 2132 r
1173 2106 1198 2133 n
1277 2123 1290 2133 .

1189 2145 1466 2187 Damus-itus.
1503 2148 1594 2186 Fuit
1627 2145 1890 2193 philosophus
1927 2145 2023 2183 inst-

1133 2200 1243 2244 anis,
1282 2202 1351 2245 qui
1387 2210 1436 2239 ex
1467 2201 1648 2237 omnibus
1681 2198 1839 2236 ridendi
1863 2206 2026 2239 causam

1132 2253 1344 2299 captabat,
1365 2255 1410 2289 ut
1426 2253 1646 2290 Heraclitus
1669 2250 1803 2288 uendi.

1191 2308 1283 2343 195.
1323 2304 1546 2343 Diversum
1579 2302 1773 2353 confusa,
1805 2305 1887 2341 ete.
1923 2303 2025 2343 Pau·

1133 2356 1252 2396 thera
1281 2359 1394 2404 cujus
1421 2367 1542 2403 genus
1561 2356 1819 2395 contunditur
1845 2363 1938 2394 cum
1957 2365 2022 2401 aa·

1135 2418 1232 2447 nere
1268 2412 1422 2448 diverso
1452 2411 1620 2456 cameli,
1648 2410 1689 2447 ld
1717 2411 1800 2454 est,
1839 2407 2026 2447 camelo·

1130 2460 1343 2511 pardalis,
1361 2472 1445 2502 une
1455 2460 1612 2513 gir-ase.
1631 2481 1685 2492 -
1699 2462 1880 2500 Dictator
1897 2462 2031 2501 cesar

1137 2516 1291 2561 primus
1310 2518 1494 2554 Romanis
1510 2514 1873 2562 camelopardalum
1893 2516 2028 2555 osten·

1138 2568 1201 2606 dit
1221 2570 1262 2607 ln
1288 2569 1393 2606 ludis
1408 2570 1663 2607 circensibus.

1195 2626 1288 2661 197.
1312 2619 1534 2671 Spectaret
1548 2619 1767 2671 populum,
1787 2623 1871 2659 etc.
1887 2622 2032 2660 Demo·

1135 2675 1261 2714 eritas
1279 2678 1467 2713 attentius
1479 2704 1490 2724 ,
1512 2685 1633 2722 quam
1649 2675 1758 2722 ipsos
1774 2674 1890 2714 iudos
1907 2702 1918 2720 ,
1937 2682 2028 2720 spa·

1134 2732 1267 2769 ctaret
1280 2730 1474 2776 populum
1491 2758 1502 2776 ,
1521 2730 1652 2776 malus
1675 2728 1751 2767 sibi
1768 2755 1778 2774 ,
1807 2736 1928 2774 quam
1952 2727 2026 2765 ml·

1134 2791 1247 2822 mum
1269 2784 1442 2828 aliquem
1457 2812 1468 2829 ,
1491 2782 1759 2830 spectaculum
1772 2782 2029 2827 probantem.

1193 2841 1288 2875 201.
1329 2834 1556 2876 Evaluere.
1589 2836 1730 2874 valent
1746 2864 1756 2881 ,
1777 2836 1958 2880 possunt.
1975 2850 2032 2865 -ι

1136 2885 1310 2929 Sonam.
1331 2890 1546 2936 strepitum
1560 2892 1601 2927 et
1617 2890 1810 2926 clamores
1821 2887 1976 2935 populi.

1193 2948 1288 2981 202.
1317 2941 1564 2992 Cumanum
1584 2940 1766 2989 mugire.
1795 2944 1865 2978 Est
1883 2943 2030 2986 Garsa-

1138 3004 1214 3034 nua
1231 3005 1345 3035 mons
1359 2996 1524 3044 Apuiiae,
1545 2994 1724 3040 silvosus,
1743 2994 2032 3032 ubiveutorum

1135 3048 1320 3086 fremitus
1356 3052 1399 3087 et
1425 3050 1614 3089 arborum
1645 3046 1794 3085 stridor
1826 3048 1890 3084 est
1911 3046 2027 3086 veba-

1138 3101 1326 3140 mentior.

1195 3156 1292 3191 soa.
1318 3151 1455 3193 Artes.
1480 3156 1611 3201 opera
1624 3154 1802 3193 veterum
1815 3149 2029 3200 artificum,

1136 3210 1180 3244 v.
1201 3214 1242 3249 ε.
1263 3206 1458 3253 picturam
1479 3215 1577 3245 nra.

1196 3260 1291 3296 sot.
1321 3256 1480 3297 Oblitus
1508 3260 1696 3304 Indutus,
1715 3257 1943 3303 inquinatus
1959 3263 2031 3303 po·

1139 3310 1222 3361 tius
1245 3320 1366 3357 quam
1388 3315 1577 3351 ornatusz
1597 3312 1773 3349 oblinere
1799 3310 1948 3358 quippe
1967 3311 2034 3349 est

1140 3362 1230 3401 luto
1251 3364 1312 3402 vel
1329 3363 1492 3403 facibus
1508 3364 1817 3403 commaculare.

1194 3419 1290 3455 sos.
1316 3414 1470 3455 Scene.
1498 3419 1583 3455 sat.
1608 3419 1642 3454 1.
1671 3416 1752 3456 ub.
1777 3419 1820 3455 a.
1846 3430 1902 3447 -
1925 3409 2032 3457 Goa-

1138 3467 1304 3519 curm,
1324 3472 1408 3510 ste.
1423 3470 1643 3512 Plaudltur.
