2317 3850
277 107 384 169 184

916 119 1223 164 sannanim
1259 118 1415 165 until
1449 119 1490 163 1.

412 197 576 255 Paene
598 198 760 264 arsit,
779 210 998 253 macros
1019 198 1152 253 dum
1176 196 1375 253 turdos
1400 200 1583 251 versat
1605 194 1663 251 in
1688 196 1851 267 ignez

415 270 558 325 Nam
585 282 722 339 vaga
749 282 848 339 per
873 273 1110 324 veterem
1129 268 1351 336 dilapso
1374 266 1588 322 namma
1612 266 1853 323 culinam

416 340 668 396 Vulcano
689 352 967 397 summum
990 338 1325 409 properabat
1350 338 1591 395 lambere
1613 342 1840 394 tectum.

310 409 382 471 75
415 409 696 468 Convivas
715 410 910 466 avidos
933 422 1143 467 coenam
1161 452 1178 477 ‚
1206 422 1506 479 servosque
1529 411 1818 476 timenteS,

415 481 554 537 Tum
577 494 769 550 rapere
785 522 801 548 ,
830 485 998 551 atque
1023 492 1221 537 omnes
1247 480 1598 549 restinguere
1626 480 1767 535 velle
1794 480 2038 539 videres,

487 552 700 621 Incipit
721 566 790 608 ex
815 552 918 608 illo
946 556 1164 607 montes
1190 549 1431 621 Appulia
1458 554 1627 605 notos

417 622 718 681 Ostentare
743 622 910 688 mibi,
935 635 1082 692 quos
1108 626 1285 678 torret
1308 620 1618 687 AtabuluS,
1650 625 1707 678 et
1736 636 1881 693 quos

419 694 718 761 Nunquam
739 706 1084 763 erepsemus,
1105 692 1218 748 nisi
1242 704 1347 747 nos
1374 690 1557 747 vicina
1581 692 1787 750 Trivici

311 761 386 824 80
416 762 567 819 Villa
589 764 920 833 recepisset,
948 763 1245 820 lacrimoso
1273 776 1385 819 non
1416 762 1541 819 sine
1568 761 1754 832 fumo,

415 833 574 889 Udos
597 847 723 889 cum
753 832 912 889 foliis
936 846 1122 891 ramos
1144 838 1345 890 urente
1370 834 1610 890 camino.

417 903 696 971 Quattuor
719 904 850 959 binc
877 905 1126 975 rapimur
1156 904 1360 977 viginti
1390 911 1445 961 et
1468 905 1647 961 miliia
1676 904 1866 963 rhedis
1883 948 1901 973 ,

416 972 673 1031 Mansuri
698 975 994 1045 oppidulo,
1019 976 1172 1047 quod
1198 990 1364 1032 versu
1385 976 1569 1032 dicere
1598 989 1709 1033 non
1740 982 1857 1043 est,

415 1044 612 1115 Signis
633 1045 895 1116 perfacile
921 1053 1030 1103 est.
1057 1047 1229 1103 Venit
1251 1046 1529 1102 vilissima
1554 1061 1738 1104 rerum

311 1110 385 1175 85
419 1114 526 1171 Hic
554 1130 698 1185 aqua
720 1136 739 1187 ς
763 1117 861 1173 sed
890 1119 1054 1187 panis
1081 1118 1249 1189 longe
1277 1118 1718 1189 pulcherrimuS,
1756 1119 1908 1175 ultro

417 1185 680 1243 Callidus
708 1193 774 1245 ut
797 1188 975 1244 soleat
1001 1189 1255 1246 humeris
1280 1193 1505 1258 portare
1526 1190 1709 1245 viator
1738 1208 1752 1243 ε

416 1256 559 1313 Nam
586 1256 799 1316 Canusi
825 1258 1145 1329 lapidosuS‚
1172 1274 1331 1329 aquae
1358 1272 1470 1316 non
1498 1258 1671 1317 ditior
1696 1272 1862 1328 urna,

421 1326 531 1394 Qui
558 1329 716 1385 locus
741 1344 775 1385 a
799 1328 933 1386 forti
956 1330 1225 1387 Diomede
1252 1335 1341 1385 est
1364 1330 1627 1386 conditus
1650 1330 1805 1387 olim.

416 1396 710 1456 Flentibus
738 1401 872 1457 hinc
897 1402 1102 1459 Varius
1119 1400 1359 1457 discedit
1384 1406 1616 1457 moestus
1640 1402 1858 1458 amicis·

309 1463 383 1529 90
416 1467 552 1525 Inde
582 1470 771 1529 Rubos
797 1469 933 1527 fessi
961 1472 1343 1543 pervenimuS,
1374 1476 1567 1541 utpote
1594 1471 1822 1542 longum

419 1537 728 1611 Carpentes
758 1543 886 1608 iter,
906 1549 961 1598 et
977 1542 1183 1599 factum
1208 1542 1528 1610 corruptius
1556 1542 1745 1596 imbri.

420 1608 654 1667 Postera
675 1618 976 1682 tempestas
996 1614 1223 1676 melion
1253 1612 1342 1667 via
1370 1613 1527 1680 pejor
1554 1612 1622 1667 ad
1651 1625 1835 1681 usque

420 1680 553 1737 Bari
580 1684 782 1739 moenia
809 1684 1038 1752 piscosi.
1061 1682 1279 1739 Dehinc
1294 1680 1532 1749 Gnatia,
1559 1681 1803 1752 lymphis

420 1750 589 1808 iratis
612 1758 895 1809 exstructa
910 1795 926 1819 ,
952 1753 1105 1809 dedit
1124 1753 1393 1822 risusque
1422 1754 1720 1823 jocosque,

314 1820 386 1882 95
418 1820 564 1878 Dum
591 1822 807 1878 flamma
833 1824 958 1880 sine
981 1829 1106 1881 tura
1132 1823 1445 1894 liquescere
1480 1823 1675 1880 limine
1704 1837 1864 1883 sacro

333 1961 400 1998 ⁷2.
442 1958 573 2000 Arsit.
613 1961 815 2007 Hospitem
850 1963 992 2000 arsisse
1033 1961 1163 2010 dicit,

278 2019 354 2059 pro
383 2013 548 2052 domum
582 2015 766 2060 hospitis.
789 2033 844 2042 —
861 2013 1038 2054 Tur-dos.
1067 2019 1169 2056 Aves

278 2067 420 2112 notas,
453 2064 527 2106 dee
565 2066 720 2117 orites.
739 2085 794 2096 -
815 2065 975 2108 Versat.
1004 2069 1051 2108 id
1079 2073 1164 2117 est,

279 2117 334 2158 nd
350 2118 482 2164 inem
497 2125 620 2160 emt.

275 2222 312 2264 ,ι
335 2173 401 2210 ¹18.
433 2169 640 2213 Veterem.
667 2175 871 2216 Vetustate
901 2176 1105 2224 putridam
1126 2180 1171 2216 et

311 2231 438 2264 uem.

333 2281 402 2318 τὸ.
429 2275 644 2320 Lambere.
675 2281 924 2325 eontinssere.

334 2333 401 2369 ⁷⁸.
431 2329 614 2384 Rapere.
651 2335 682 2372 B
711 2335 872 2372 namma
891 2363 902 2382 ,
935 2339 983 2376 ut
1013 2345 1173 2376 emnam

279 2389 494 2424 κῆαι-ειη.
512 2405 567 2414 -
587 2383 772 2426 Videres.
796 2389 936 2428 Videre
951 2389 1113 2429 licebat.

334 2441 403 2475 Π.
431 2435 502 2476 Ex
519 2437 596 2478 illo
613 2467 624 2486 ,
645 2444 728 2478 etc.
745 2444 802 2479 Ex
818 2443 916 2480 urbe
933 2445 1169 2491 Benevento,

280 2495 330 2527 ex
341 2491 431 2537 elus
447 2493 552 2537 utris
562 2520 574 2540 ,
596 2502 788 2539 apparere
805 2495 1000 2542 incipiunt
1015 2501 1173 2536 montes

279 2542 448 2636 fipuiioe.
480 2564 531 2574 —
563 2544 703 2586 Notos.
733 2548 836 2596 Quia
868 2551 1054 2588 Horatius
1083 2553 1173 2590 erat

315 2604 368 2643 pu
385 2607 448 2636 us.

335 2653 403 2688 τε.
430 2649 648 2690 Atabulus.
669 2654 818 2694 ventus
833 2653 986 2700 Apuuo
1004 2653 1172 2694 infestus

281 2704 326 2740 ot
345 2702 575 2742 damnosus.

335 2758 406 2795 το.
433 2752 709 2805 Ere-psentia,
739 2761 822 2795 etc.
849 2757 1140 2803 Erepsi-semus
1154 2785 1168 2805 ,

279 2815 576 2853 ”parassemus
598 2811 712 2854 quasi
740 2810 939 2856 rependo,
968 2810 1041 2848 uisi
1074 2812 1167 2849 sub·

279 2860 514 2899 stitissemus
548 2863 685 2900 Trivici
704 2890 716 2909 ,
749 2863 859 2909 quod
887 2863 1081 2909 oppidum
1110 2866 1173 2903 est

279 2911 324 2952 in
339 2912 484 2950 fluibus
511 2913 756 2963 campanio,
789 2914 982 2955 Trevieo.

337 2967 404 3004 80.
435 2962 695 3008 Lae-rimoso.
739 2971 841 3018 Quia
883 2970 1018 3010 tumus
1051 2969 1169 3012 ineri-

283 3025 370 3058 Ιιιε
385 3020 584 3066 exprimit.

337 3075 404 3112 82.
433 3069 664 3123 Quattuor,
685 3079 768 3115 etc.
793 3078 826 3116 B
839 3076 979 3116 Trivici
995 3077 1088 3116 villu
1104 3087 1171 3118 ce·

281 3124 418 3165 leriter
461 3127 563 3165 vecti
605 3137 743 3168 sumus
786 3130 920 3170 rhedis
940 3159 952 3180 ‚
994 3131 1170 3170 conieci-

283 3187 454 3228 musque
487 3184 662 3228 quatuor
686 3185 730 3223 et
749 3184 887 3228 ueluti
924 3184 1051 3225 mulie
1079 3194 1170 3233 pu·

283 3241 416 3272 num.

339 3288 407 3326 88.
451 3283 676 3336 oppidulo.
719 3289 951 3329 Vocabatur
993 3293 1171 3336 Equotu-

283 3337 401 3376 tium.
436 3341 532 3378 Brut
561 3341 600 3377 iu
628 3341 799 3388 Hirpinis
819 3356 830 3380 ι
848 3353 954 3382 nuno
991 3343 1176 3382 urbicuie

284 3392 347 3427 est
368 3392 478 3434 renui
501 3393 746 3437 neapolitani
768 3421 781 3442 ,
811 3393 987 3434 Ariane.
1003 3413 1060 3425 —
1081 3391 1175 3434 Non

289 3445 364 3480 m.
388 3444 476 3482 uon
498 3444 608 3483 lieet.

1278 1964 1347 2002 ει.
1376 1959 1539 2011 Sionis,
1561 1965 1641 2001 etc.
1666 1962 1796 2000 Facile
1808 1962 1870 2000 est
1883 1959 1983 2000 illud
2000 1964 2116 2010 oppi-

1221 2015 1319 2054 dum
1352 2017 1473 2061 signis
1491 2044 1501 2062 ,
1531 2016 1573 2054 id
1595 2019 1657 2054 est
1688 2015 1845 2055 indiciis
1874 2015 2116 2061 quibusdam

1224 2069 1359 2108 dicere
1378 2073 1419 2107 et
1440 2070 1633 2108 indicare.

1278 2125 1345 2160 88.
1376 2119 1591 2169 Callidus,
1611 2126 1692 2161 etc.
1722 2121 1833 2161 Adeo
1851 2123 1897 2159 ut
1912 2119 2113 2169 viatores,

1223 2177 1293 2222 qui
1312 2183 1383 2223 per
1398 2177 1658 2222 Equotutium
1674 2176 1751 2213 iter
1768 2175 1934 2220 babent,
1957 2174 2118 2214 soleant

1222 2230 1316 2268 inde
1328 2239 1451 2276 penes
1464 2230 1621 2268 auterre
1633 2257 1644 2275 ,
1655 2233 1697 2267 et
1708 2229 1911 2275 imponere
1920 2227 2115 2266 humeris.

1279 2285 1347 2322 87.
1374 2279 1550 2322 Canusi.
1588 2282 1800 2321 canusium
1832 2283 1894 2319 est
1918 2279 2120 2326 oppidum

1222 2336 1377 2382 Apulia
1393 2363 1405 2383 ,
1425 2332 1607 2375 Canon.
1620 2353 1677 2364 —
1690 2332 1937 2383 Lapidem.
1965 2336 2118 2380 Durus,

1224 2390 1329 2428 mele
1362 2393 1501 2428 coctus
1519 2417 1531 2434 ,
1564 2392 1607 2426 et
1634 2387 1843 2426 stomacho
1890 2386 2019 2430 gravis
2055 2391 2124 2425 est

1224 2443 1339 2488 panis
1371 2443 1545 2481 Canusii.
1574 2459 1629 2468 —
1644 2439 1795 2488 Aqua,
1840 2441 1923 2476 etc.
1950 2442 2037 2478 Nou
2057 2443 2124 2478 cst

1224 2497 1357 2542 major
1374 2503 1491 2541 aqua
1508 2492 1625 2540 copia
1642 2491 1824 2538 canusii,
1844 2499 1965 2538 quam
1984 2493 2124 2540 Equo-

1224 2548 1315 2585 tutii
1328 2574 1340 2594 ,
1359 2547 1446 2592 vel„
1474 2555 1554 2584 nou
1568 2545 1782 2583 salubrior.

1280 2603 1346 2638 88.
1376 2595 1459 2647 Qui
1498 2597 1627 2636 locus.
1670 2597 1897 2636 canusium.
1933 2614 1984 2624 —
2014 2594 2124 2637 Dio·

1224 2649 1365 2690 mede.
1392 2651 1513 2700 Tydei
1532 2651 1637 2697 tilio,
1659 2650 1761 2689 duce
1782 2651 2014 2689 Graecorum
2030 2650 2126 2690 ior·

1223 2705 1394 2744 tie-imo.

1279 2759 1347 2795 90.
1376 2754 1524 2796 Rubos.
1553 2756 1653 2794 Rubi
1668 2783 1679 2802 ,
1715 2765 1821 2795 nunc
1855 2752 1989 2804 navo,
2024 2759 2134 2798 urbs

1224 2809 1395 2849 musio
1417 2811 1568 2848 distans
1584 2809 1723 2848 decem
1740 2810 1958 2849 admodum
1972 2810 2129 2849 leucis.

1281 2866 1349 2902 82.
1381 2862 1640 2913 Tempestas.
1668 2864 1785 2911 Dies,
1804 2866 1848 2903 et
1865 2864 1956 2902 eoeii
1975 2863 2131 2902 iacies.

1281 2919 1349 2956 98.
1389 2916 1507 2958 Bari.
1548 2919 1624 2956 Pro
1666 2918 1785 2956 narii.
1823 2918 1894 2954 Est
1922 2914 2130 2960 unum,

1224 2970 1323 3010 urbs
1357 2971 1511 3020 Apulia
1534 2997 1545 3017 ‚
1583 2969 1639 3009 ud
1674 2977 1785 3007 mere
1808 2993 1820 3014 ,
1850 2973 1954 3004 nuno
1989 2961 2132 3007 Bari.

1226 3041 1282 3054 —
1300 3019 1475 3064 Gnatia.
1511 3024 1625 3062 Dicta
1652 3029 1811 3067 quoque
1836 3017 2005 3065 Egnatia
2023 3046 2037 3066 ‚
2065 3021 2131 3058 01-

1226 3077 1327 3116 vitas
1353 3079 1554 3116 maritima
1570 3077 1671 3114 iuter
1688 3074 1845 3113 Barium
1860 3075 1904 3112 et
1934 3072 2132 3114 Brundu-

1226 3130 1345 3169 sium.

1284 3187 1351 3222 aii.
1379 3180 1491 3221 num
1515 3179 1716 3230 flamma,
1747 3184 1830 3219 etc.
1870 3179 1979 3218 ordo
2020 3183 2091 3218 est
2121 3193 2135 3216 ε

1228 3236 1325 3273 dum
1354 3235 1467 3281 eupit
1504 3235 1621 3272 uobis
1655 3234 1896 3280 persuadere
1936 3236 2057 3279 turn,
2090 3232 2140 3270 in

1226 3296 1343 3327 sacro
1380 3287 1515 3325 limine
1536 3314 1547 3332 ,
1585 3287 1627 3324 id
1655 3289 1717 3324 est
1734 3313 1746 3333 ,
1775 3288 1817 3324 in
1840 3285 1975 3331 tempii
2008 3284 2141 3321 aditu

1229 3342 1363 3388 positu
1376 3367 1387 3386 ,
1425 3341 1645 3385 liquescere
1666 3347 1740 3377 sua
1760 3341 1925 3385 sponte,
1944 3339 1986 3374 et
2005 3336 2137 3374 mm·

1228 3401 1335 3431 mam
1365 3393 1575 3438 concipere
1609 3392 1695 3430 sine
1728 3392 1817 3436 igne
1830 3417 1844 3440 ,
1888 3388 1999 3428 nullo
2037 3388 2145 3436 lm

1225 3447 1407 3486 admoto.
