2317 3850
793 130 1096 177 sniumei
1134 130 1289 176 Lissa
1326 132 1367 176 Ι.
1388 140 1397 145 “

1910 123 2003 185 191

881 408 1134 467 SATIRA
1169 408 1293 469 vii.

345 543 542 583 Describit
557 542 683 581 rixam
696 527 866 589 Rupilii,
888 543 1155 587 cognomento
1178 542 1293 588 Regis
1305 570 1317 590 ,
1341 550 1434 583 cum
1451 544 1632 585 eraculo
1650 545 1851 596 quodam,

878 607 944 645 cui
964 614 1111 646 nomen
1131 606 1305 647 Persius.

319 710 632 781 Proscripti
653 708 826 781 Regis
851 708 1044 779 Rupili
1072 724 1181 781 pus
1206 714 1375 781 atque
1400 722 1677 769 venenum

316 780 568 851 Hybrida
596 794 709 851 quo
737 784 900 851 pacto
929 782 1006 838 sit
1023 781 1255 838 Persius
1282 781 1437 838 ultus
1454 824 1469 847 ,
1500 782 1704 851 opinor

313 850 600 908 Omnibus
626 856 685 908 et
710 852 882 923 lippis
911 858 1104 909 notum
1121 894 1137 920 ,
1168 857 1225 908 et
1241 852 1571 911 tonsoribus
1588 866 1732 909 esse.

315 922 550 978 Persius
575 922 668 979 hic
685 936 982 995 permagna
1006 923 1232 997 negotia
1256 923 1412 980 dives
1427 923 1667 981 habebat

245 992 280 1051 5
319 990 670 1050 Clazomenis
685 1035 702 1061 ,
727 995 894 1051 etiam
922 994 1056 1050 lites
1081 1007 1209 1051 cum
1231 993 1382 1065 Rege
1410 995 1713 1059 molestasz

313 1063 511 1120 Durus
538 1063 735 1132 homo,
765 1070 934 1137 atque
959 1064 1091 1122 odio
1115 1066 1213 1135 qui
1240 1071 1431 1135 posset
1457 1065 1681 1121 vincere
1708 1061 1947 1136 Regem,

317 1132 624 1192 confidens
651 1136 1031 1207 tumidusque,
1059 1136 1200 1192 adeo
1227 1136 1505 1194 sermonis
1527 1136 1731 1202 amari,

321 1202 622 1274 Sisennae,
648 1207 854 1265 Barros
889 1212 952 1264 ut
976 1205 1140 1278 equis
1164 1213 1528 1277 praecurreret
1546 1206 1713 1263 albis.

317 1274 408 1333 Ad
429 1275 632 1350 Regem
659 1279 845 1336 redeo.
873 1278 1177 1348 Postquam
1194 1276 1340 1334 nibil
1371 1278 1518 1333 inter
1538 1281 1845 1358 utrumque

217 1347 282 1408 10
317 1345 599 1405 Convenit
619 1348 756 1417 (hoc
778 1348 984 1406 etenim
1015 1353 1151 1405 sunt
1178 1361 1373 1405 omnes
1384 1348 1511 1417 jure
1530 1347 1751 1404 molesti
1768 1385 1782 1412 ,

315 1416 446 1485 Quo
469 1416 644 1475 fortes
659 1462 672 1485 ,

703 1420 911 1490 quibus
940 1420 1236 1477 adversum
1264 1418 1475 1475 bellum
1502 1416 1733 1474 incidite
1762 1416 1910 1472 iuter

315 1488 559 1545 Hectora
583 1488 933 1557 Priamiden,
963 1490 1391 1573 animosumque
1419 1489 1566 1545 inter
1594 1485 1870 1546 Achillem

315 1558 410 1616 Ira
439 1558 551 1616 fuit
571 1561 860 1631 capitaliS,
890 1565 956 1617 ut
981 1560 1180 1617 ultima
1206 1558 1479 1617 divideret
1508 1571 1701 1617 mors:

316 1630 447 1687 Non
471 1630 638 1687 aliam
665 1633 736 1690 ob
765 1645 988 1689 causam
1005 1674 1020 1699 ,
1041 1631 1155 1687 nisi
1186 1631 1335 1703 quod
1365 1631 1547 1688 virtus
1578 1631 1637 1685 in
1666 1633 1909 1701 utroque

208 1701 282 1762 15
317 1700 548 1757 Summa
573 1700 700 1759 fuit.
729 1702 854 1761 Duo
881 1703 931 1759 si
959 1701 1242 1760 discordia
1268 1705 1429 1759 vexet
1452 1703 1693 1769 inerteS,

318 1770 438 1828 Aut
461 1772 510 1826 si
537 1771 858 1843 disparibus
881 1773 1093 1831 bellum
1120 1772 1332 1830 incidat
1347 1814 1363 1840 ,
1392 1778 1455 1829 ut
1474 1770 1733 1829 Diomedi

322 1842 469 1900 Cum
495 1842 664 1913 Lycio
685 1843 898 1902 Glauco
923 1867 937 1911 ;
963 1843 1213 1901 discedet
1239 1844 1476 1917 pigrior,
1511 1844 1663 1901 ultro

320 1911 660 1972 Muneribus
687 1914 944 1983 missis),
966 1915 1143 1975 Bruto
1172 1920 1410 1987 praetore
1440 1918 1665 1972 tenente

318 1983 505 2042 Ditem
527 1985 716 2044 Asiam
733 2028 748 2053 ,
777 1983 973 2059 Rupili
1001 1991 1059 2044 et
1073 1987 1233 2044 Persi
1254 2001 1354 2058 par
1384 1989 1633 2059 pugnat3
1657 1985 1743 2044 uti
1768 1999 1883 2044 non

233 2131 278 2165 1.
319 2121 570 2176 Proscripti.
605 2123 665 2162 Ab
702 2124 878 2168 Augusto
893 2149 903 2166 ,
951 2129 1076 2168 quun

177 2180 282 2218 otim
299 2177 482 2217 triumvir
495 2177 614 2223 esset,
635 2176 739 2215 iuter
747 2175 998 2222 proscriptos
1007 2183 1072 2213 re·

173 2234 271 2272 lati.
291 2251 350 2263 -
377 2228 464 2269 Pus
484 2233 609 2279 atque
635 2237 855 2269 venenum.
891 2227 1077 2267 convicia

171 2287 327 2326 veneni
351 2287 396 2322 et
418 2283 522 2322 tellis
535 2283 674 2330 piena,
703 2281 934 2330 pestiferam
951 2280 1074 2319 male-

169 2338 423 2379 dicentium.

235 2396 282 2430 2.
297 2384 510 2439 Hybrida.
536 2390 650 2428 Patre
666 2389 819 2434 asiano,
841 2390 884 2426 et
911 2394 1079 2426 romana

173 2447 316 2484 matre
341 2447 475 2481 natus.
501 2459 557 2471 —·
573 2438 660 2488 Quo
680 2445 834 2492 pacto,
860 2443 942 2480 etc.
971 2441 1078 2479 Ordo

175 2501 248 2538 est
271 2509 282 2532 ε
311 2497 456 2542 opinor
472 2497 611 2533 uotum
631 2503 716 2534 esse
737 2495 920 2532 omnibus
941 2493 1076 2540 lippis,

176 2554 227 2589 et
241 2549 470 2587 tonsoribus
482 2575 493 2596 ,
512 2557 594 2595 quo
605 2551 725 2596 pacto
743 2549 894 2586 Persius
911 2547 1081 2596 hybrida

175 2605 242 2642 sit
257 2603 366 2642 uitus
381 2601 696 2640 maledicentiam
711 2601 872 2648 Rupilii.

239 2659 282 2695 8.
311 2653 474 2705 Lippis.
495 2654 613 2702 Lippi
643 2656 738 2692 sunt
760 2654 980 2692 admodum
1011 2663 1080 2693 cu-

177 2710 282 2748 rlosi
297 2720 309 2743 :
344 2711 496 2755 quanto
526 2708 659 2746 miuus
683 2706 831 2753 oculis,
857 2709 972 2746 tanto
989 2708 1082 2756 plus

183 2763 350 2801 auribus
377 2763 570 2808 utentum
600 2759 709 2806 apud
740 2762 919 2798 tonsores
946 2763 1081 2800 autem

189 2815 394 2902 «lzouveuire
411 2814 596 2854 homines
611 2813 733 2852 otiosi
755 2815 797 2852 et
811 2821 997 2860 gerrones
1013 2823 1077 2854 so-

209 2869 292 2904 ont.

244 2921 286 2957 4.
312 2916 506 2970 Νσροῑία.
531 2921 608 2958 Res
631 2918 882 2966 tractandas,
901 2917 954 2956 de
969 2927 1077 2964 quo·

188 2974 254 3011 stu
275 2973 345 3019 qui
370 2974 476 3012 redit
495 2979 545 3011 ex
560 2972 733 3010 foenore.

243 3028 281 3064 ε.
297 3022 584 3065 Clazomenis.
597 3025 858 3072 Clazomenis,
883 3023 978 3063 urbs
993 3025 1081 3062 erat

185 3079 286 3118 Astu
319 3079 507 3125 minoris,
540 3078 675 3124 ampla
710 3080 751 3116 et
794 3078 902 3116 dives
915 3103 926 3124 ,
958 3076 1001 3114 in
1032 3084 1082 3115 ea

183 3133 298 3177 parte
314 3159 326 3178 ,
347 3141 448 3180 qum,
465 3131 578 3171 iouia
597 3131 762 3171 asiatica
785 3131 1006 3170 dicebatur.
1027 3145 1082 3159 -

180 3181 293 3224 Cum
305 3183 431 3234 Reae.
451 3185 550 3223 Cum
567 3185 741 3232 Rupilio,
763 3184 832 3230 qui
849 3191 920 3222 rex
938 3189 1087 3228 cosno-

181 3238 428 3278 minuatur.

238 3293 282 3330 e.
320 3287 446 3330 odio.
473 3291 674 3330 sermonis
704 3290 943 3337 acet-bttate,
970 3289 1080 3330 diea-

182 3343 312 3382 eitate
327 3344 562 3390 importuna
572 3371 584 3392 ‚
604 3344 788 3384 audacia.

239 3399 284 3436 ⁹1.
325 3393 562 3446 confidens.
593 3397 749 3438 Audax.
779 3413 835 3427 —
866 3392 1083 3436 Tumidum

185 3449 411 3497 superbus.

1183 2125 1225 2161 8.
1251 2120 1450 2162 Sisennae
1464 2152 1475 2170 ,
1510 2129 1593 2163 etc.
1628 2123 1813 2163 Homines
1840 2125 2018 2163 ramosos

1127 2175 1342 2214 dicacitate
1355 2204 1366 2222 ,
1386 2178 1593 2221 conviciis,
1621 2176 1765 2221 linguae
1780 2177 2017 2222 petulantia.

1126 2245 1187 2258 --
1204 2226 1255 2267 Ut
1277 2227 1395 2276 equis
1410 2231 1693 2278 meni-reret
1718 2226 1842 2267 albis.
1862 2231 2022 2267 Prover-

1129 2280 1225 2320 biati
1256 2281 1463 2319 locutione
1488 2290 1591 2327 pro,
1626 2283 1834 2326 superaret
1861 2282 2023 2320 maledi-

1127 2334 1277 2373 centia.
1295 2334 1397 2380 Equi
1413 2335 1494 2372 aibt
1507 2335 1753 2373 habebantur
1769 2334 1969 2374 ceierrtmi
1980 2334 2022 2373 lu

1128 2387 1252 2426 ludis.

1187 2461 1227 2500 s.
1256 2454 1505 2507 Postquam,
1535 2461 1617 2496 ete.
1646 2453 1778 2506 Quum
1800 2457 1893 2497 lites
1930 2465 2023 2496 suas

1130 2519 1371 2557 componere
1388 2519 1469 2548 nou
1487 2512 1665 2557 possent,
1688 2514 1731 2548 et
1746 2510 1848 2548 inter
1863 2519 1907 2548 se
1924 2519 2020 2548 eou-

1129 2565 1262 2603 renire
1290 2563 1445 2602 Persius
1476 2566 1517 2602 et
1548 2563 1747 2610 Rupilius,
1779 2563 1832 2601 ad
1861 2565 2025 2602 Brutum

1130 2621 1364 2666 pretorem,
1401 2617 1471 2662 qui
1502 2618 1588 2656 tum
1628 2617 1762 2655 Asiam
1795 2616 2021 2662 obtinebat,

1131 2674 1341 2720 venerunt,
1368 2671 1481 2708 litem
1508 2679 1559 2710 eo
1580 2670 1719 2717 iudice
1748 2677 1863 2708 suam
1892 2668 2020 2708 disee·

1131 2791 1254 2836 317.
1282 2790 1458 2835 Glauco.
1484 2794 1675 2840 Glaucus,
1700 2795 1803 2840 rests
1822 2791 1952 2840 Lycio
1978 2793 2023 2831 n-

1129 2848 1209 2886 lius
1222 2875 1233 2894 ,
1270 2857 1395 2894 quum
1433 2849 1614 2896 Troianis
1644 2848 1795 2886 auxilio
1830 2845 2023 2894 venisset,

1130 2902 1343 2939 commisso
1365 2902 1504 2948 proeiio
1518 2929 1529 2948 ,
1550 2903 1592 2940 iu
1608 2901 1841 2939 Diomedem
1862 2900 2001 2938 incidit
2014 2928 2025 2948 ‚

1132 2954 1261 2992 virum
1284 2952 1563 3002 tortissimum,
1596 2956 1825 2994 Graecorum
1856 2953 2026 3001 ducem;

1133 3005 1327 3053 Glaucus,
1348 3007 1499 3046 viribus
1522 3007 1665 3055 impar,
1690 3007 1826 3046 statim
1849 3005 1901 3044 de
1926 3015 2028 3052 pace

1133 3060 1237 3106 egit,
1259 3068 1309 3098 ao
1324 3060 1506 3098 Diomedi
1522 3068 1635 3099 arma
1654 3068 1730 3099 sua
1748 3067 1871 3098 aurea
1882 3085 1894 3106 ‚
1918 3067 2025 3098 sum·

1133 3113 1214 3159 ptis
1231 3112 1337 3150 iliius
1356 3113 1471 3151 oreis
1481 3139 1494 3161 ,
1514 3114 1625 3151 douo
1646 3112 1774 3151 dedit.

1190 3175 1255 3212 18.
1300 3171 1507 3211 Pro-toro.
1560 3175 1725 3219 Praetor,
1776 3171 2029 3218 magistratus

1133 3229 1222 3264 erat
1238 3226 1321 3272 juri
1340 3225 1508 3264 diceudo
1527 3226 1779 3272 propositus.

1190 3290 1256 3328 1⁹.
1289 3284 1358 3326 Usa·
1380 3295 1482 3335 non,
1512 3289 1595 3325 etc.
1622 3285 1735 3324 Adeo
1753 3288 1799 3324 ut
1824 3285 1961 3324 Bittius
1986 3289 2031 3324 et

1133 3341 1322 3380 Bacchius
1338 3368 1349 3389 ,
1376 3339 1521 3378 ramosi
1545 3340 1626 3377 duo
1652 3339 1892 3386 gladiatores
1906 3367 1918 3388 ‚
1947 3347 2029 3378 non

1134 3395 1215 3434 sint
1237 3395 1377 3434 meiius
1394 3393 1608 3443 compositi
1628 3394 1670 3434 et
1696 3393 1921 3442 commissi,
1938 3401 2025 3432 ma-

1133 3449 1197 3494 tis
1220 3457 1353 3498 pares.
