2317 3850
228 51 343 114 216

896 60 1204 106 summulis
1242 60 1398 104 usna
1423 61 1486 104 11.

270 139 346 204 45
380 140 669 200 Autumat.
698 139 827 197 Haec
848 138 1118 210 populos,
1152 138 1270 195 baec
1289 151 1522 208 magnos
1543 135 1783 194 formula
1810 151 2000 211 regeS,

376 213 623 282 Excepto
652 211 933 280 sapiente,
964 214 1136 266 tenet.
1166 210 1328 266 Nune
1355 208 1540 278 accipe
1567 222 1740 278 quare

375 282 672 352 Desipiant
690 294 915 346 omneS,
942 294 1099 351 aeque
1117 293 1182 336 ac
1211 285 1272 337 tu
1289 323 1305 350 ,
1337 279 1436 348 qui
1465 280 1568 335 tibi
1594 292 1797 336 nomen

377 353 587 410 insano
614 365 869 423 posuere.
903 351 1075 408 Velut
1096 351 1290 417 silviS,
1321 351 1415 407 ubi
1441 350 1653 419 passim

378 423 641 480 Palantes
660 435 817 478 error
838 425 991 478 certo
1018 422 1085 478 de
1114 422 1338 478 tramite
1368 420 1554 491 pellit,

268 493 345 555 50
377 493 480 550 lile
506 495 929 559 sinistrorsum,
961 492 1053 549 hie
1090 493 1442 555 dextrorsum
1483 490 1633 558 abit;
1667 505 1817 551 unus
1845 493 2076 566 utrique

378 565 577 632 Error,
608 564 703 621 sed
728 564 902 619 variis
932 564 1123 620 illudit
1146 562 1424 634 partibus,
1449 562 1570 619 Hoc
1596 567 1650 619 te

380 635 555 693 Crede
578 635 741 692 modo
772 635 1061 700 insanum,
1090 634 1273 690 nihilo
1305 638 1367 689 ut
1392 633 1702 702 sapientior
1731 635 1857 703 ille,

377 705 489 774 Qui
514 712 569 760 te
592 705 834 769 deridet,
858 704 1087 760 caudam
1112 705 1321 760 trabat.
1346 703 1452 760 Est
1471 717 1654 774 genus
1677 719 1850 762 unum

378 776 676 842 Stultitiae,
702 775 941 830 nibilum
972 774 1270 830 metuenda
1300 775 1587 842 timentis;
1617 782 1680 832 ut
1706 777 1895 847 igneS,

266 845 349 909 55
381 847 461 904 Ut
484 859 685 916 rupea,
714 845 1027 914 fluviosque
1049 843 1109 900 in
1136 858 1332 916 campo
1360 845 1586 902 obstare
1615 853 1881 916 queratur
1911 864 1931 903 ε

377 916 630 976 Alterum
650 922 704 972 et
734 916 865 972 huie
888 915 1133 981 varium,
1165 920 1224 974 et
1253 916 1433 972 nihilo
1463 916 1808 986 sapientius„
1840 919 2008 990 ignes

380 987 487 1043 Per
518 985 761 1054 medioS,
794 987 1109 1056 fluviosque
1134 987 1377 1045 ruentis.
1397 985 1613 1047 Clamet
1629 989 1804 1044 amica

380 1057 584 1124 Mater,
612 1057 851 1114 bonesta
880 1071 1063 1124 soror,
1092 1072 1221 1116 cum
1247 1060 1532 1130 cognatiS,
1563 1065 1740 1128 pater,
1768 1072 1916 1118 uxor
1940 1081 1958 1116 z

385 1149 409 1178 ι
440 1129 546 1185 Hic
566 1127 720 1184 fossa
742 1135 831 1184 est
856 1129 1088 1200 ingenS,
1114 1129 1208 1186 hie
1229 1145 1398 1199 rupes
1426 1131 1703 1188 maxima:
1731 1131 1922 1188 serva!
1957 1153 1982 1182 2

276 1197 356 1260 60
385 1199 511 1256 Non
540 1198 719 1268 magis
744 1199 1020 1267 audierit,
1050 1213 1217 1269 quam
1245 1201 1436 1257 Fufius
1459 1200 1653 1256 ebrius
1677 1202 1810 1258 olim
1828 1243 1844 1266 ‚

380 1269 563 1339 Quum
586 1271 823 1326 Ilionam
852 1271 1121 1336 edormit,
1152 1271 1406 1328 Catienis
1429 1272 1584 1327 mille
1603 1272 1893 1339 ducentiS‚

384 1345 578 1396 Mater
602 1343 661 1395 te
674 1340 935 1412 appello,
956 1342 1351 1398 clamantibus,
1381 1341 1526 1398 Huic
1553 1355 1655 1414 ego
1682 1344 1911 1415 vulgum
1963 1357 1968 1362 ·

378 1409 577 1469 Errori
602 1411 843 1466 similem
868 1418 1130 1468 cunctum
1160 1412 1411 1468 insanire
1436 1413 1669 1470 docebo.

450 1483 673 1538 Insanit
693 1488 908 1537 veteres
936 1488 1153 1538 statuas
1180 1481 1554 1553 Damasippus
1581 1483 1857 1542 emendo:

272 1551 347 1615 65
380 1552 605 1624 Integer
634 1557 721 1608 est
747 1553 953 1609 mentis
976 1553 1301 1623 Damasippi
1326 1550 1616 1611 creditor?
1635 1559 1796 1612 esto:

296 1779 365 1816 41.
389 1774 609 1815 autumat.
624 1777 813 1814 lasanum
826 1771 1129 1822 putate-flac

236 1827 426 1880 formula
441 1857 451 1874 ‚
468 1833 549 1866 ete.
569 1830 652 1865 noc
672 1829 827 1866 axioma
845 1830 984 1868 stoico
1011 1829 1125 1866 ecbo-

239 1883 291 1921 Ιω
302 1909 312 1929 ,
328 1885 371 1919 et
382 1883 498 1930 quasi
516 1881 748 1927 praetorium
768 1881 944 1918 edictum
961 1909 971 1929 ,
988 1890 1129 1926 nempe

235 1944 381 1974 >omnes
418 1932 625 1983 improbos
660 1932 849 1971 insanire
871 1945 886 1981 ,·
934 1934 1130 1982 populum

238 1996 429 2033 regesque
452 1988 561 2033 ipsos
580 1988 899 2033 comprehendit.

295 2053 363 2088 ta.
404 2047 621 2089 Pal-antes.
671 2051 883 2094 vacantes.
925 2067 974 2078 —
1009 2045 1133 2089 Certo

240 2101 433 2143 musice.
460 2106 582 2141 Recto
600 2102 758 2141 itinere.

296 2169 362 2204 tto.
394 2162 526 2212 Unus,
558 2169 640 2203 etc.
669 2166 809 2203 Errant
846 2164 966 2204 ambo
985 2191 998 2212 ,
1037 2164 1134 2203 licet

240 2218 405 2257 diversis
428 2220 609 2264 partibus
628 2222 669 2256 et
686 2218 907 2256 itineribus.

298 2284 363 2318 tia.
392 2276 537 2317 Nihilo
563 2282 637 2326 ut,
674 2283 757 2317 etc.
786 2280 894 2317 Adeo
930 2282 976 2317 nt
1006 2280 1130 2318 nihilo

242 2336 284 2371 te
300 2334 352 2370 sit
368 2332 585 2377 sapientior
598 2360 607 2378 ,
629 2334 698 2377 qui
717 2336 757 2369 te
773 2333 898 2377 ridet,
932 2332 1131 2377 similique

242 2394 291 2423 ac
309 2388 353 2421 ta
386 2386 541 2423 ratione
569 2386 737 2423 caudam
773 2386 933 2431 trabat,
965 2385 1007 2421 id
1045 2388 1127 2431 est,

240 2438 434 2482 insaniat,
456 2438 644 2476 ridendus
668 2438 735 2475 sit.
750 2456 805 2466 —
822 2435 1015 2476 eandam
1038 2440 1128 2476 tra·

244 2488 335 2528 inat.
365 2491 501 2528 solent
529 2493 634 2529 enim
656 2491 769 2536 pueri
790 2491 1015 2528 deridentes
1038 2500 1127 2529 nes-

242 2542 439 2582 cientibus
457 2553 484 2582 a
500 2546 612 2589 terso
633 2545 803 2582 caudam
820 2543 1075 2589 suspendere.

298 2608 365 2643 83.
405 2602 480 2643 Est
508 2613 658 2655 genus,
701 2606 783 2642 etc.
823 2606 915 2649 Est,
966 2603 1095 2647 inquit
1118 2630 1129 2649 ,

241 2666 367 2695 unum
387 2666 507 2702 genus
524 2657 723 2699 stultitia,
746 2664 885 2693 eorum
906 2656 973 2699 qni
993 2656 1157 2691 timent·

243 2719 293 2749 ea
310 2718 401 2756 quoe
422 2717 502 2746 non
525 2708 737 2746 metuenda
767 2712 881 2751 sunt,
907 2708 974 2751 qui
1001 2706 1133 2743 videre

242 2763 319 2800 albi
360 2763 507 2806 ubique
555 2762 665 2805 ignes
712 2758 895 2797 videntur
922 2760 963 2794 et
991 2764 1129 2803 rupes.

242 2815 421 2853 Alterum
446 2813 538 2850 bule
564 2812 739 2857 varium,
761 2810 798 2846 id
820 2812 883 2847 est
902 2808 953 2846 ab
977 2808 1045 2845 illo
1068 2808 1129 2845 di-

242 2873 421 2909 versum,
451 2873 592 2901 eorum
616 2867 707 2909 est,
730 2863 897 2907 quinon
925 2862 1066 2897 timent
1082 2869 1133 2899 ea

246 2926 336 2963 quo
348 2918 439 2963 jure
466 2921 558 2954 sunt
592 2915 827 2961 metuenda,
862 2914 933 2961 qui
962 2913 1067 2952 ultro
1088 2914 1133 2953 in

242 2970 355 3016 tenes
375 2970 625 3016 precipiunt
642 2977 752 3016 sese,
771 2972 849 3007 ete.

301 3032 368 3070 ⁸8.
396 3027 545 3069 Serva.
574 3031 697 3076 Cave,
724 3038 835 3069 sorva
852 3032 909 3069 te.

301 3097 368 3133 eo.
396 3090 557 3142 fufius,
586 3098 668 3133 etc.
697 3096 818 3133 Actor
832 3094 1021 3141 quidam,
1045 3093 1130 3140 qui,

203 3192 213 3199 ,
236 3156 370 3202 ‘quum
400 3148 535 3187 iliona
553 3156 763 3195 personam
788 3150 944 3195 ageret,
964 3154 1133 3193 umque

246 3200 471 3241 imitaretur
506 3202 790 3249 dormientem,
811 3202 869 3241 ita
899 3204 969 3247 ut,
989 3201 1041 3239 ad
1062 3207 1131 3238 vo-

246 3262 333 3291 cem
354 3255 541 3305 Polydori
572 3256 697 3303 ipsam
718 3256 989 3300 inclamantis,
1010 3254 1130 3293 debe-

247 3312 311 3347 ret
339 3308 577 3354 expergisci,
608 3310 711 3347 adeo
742 3308 935 3355 preclare
964 3310 1007 3346 et
1044 3316 1135 3345 vere

250 3358 457 3406 dormivit,
481 3361 592 3407 qnod
605 3365 710 3401 esset
728 3362 863 3401 ebrius
874 3387 886 3409 ,
906 3357 1136 3401 uiuaciter!

1181 1782 1207 1812 e
1223 1781 1365 1814 somno
1403 1785 1609 1824 nunquam
1638 1777 1818 1823 potnerit
1841 1803 1852 1822 ,
1895 1781 2082 1822 quamvis

1183 1826 1391 1874 Catienus,
1419 1831 1490 1874 qul
1529 1831 1768 1877 Polydorum
1789 1831 1959 1877 agebat„
1981 1832 2080 1871 istas

1186 1889 1324 1929 voces,
1367 1879 1509 1920 Mater
1537 1887 1578 1920 te
1608 1881 1798 1933 appello,
1838 1883 2076 1923 clamitaret.

1183 1936 1291 1973 Tune
1316 1939 1585 1983 spectatores,
1619 1945 1784 1973 numero
1814 1937 1922 1973 milio
1943 1942 1986 1976 et
2002 1940 2074 1977 dii-

1183 1989 1312 2033 ceutl,
1332 1997 1424 2027 cnm
1445 1990 1608 2027 catiano
1635 1989 1924 2030 succlamatum
1945 2004 1956 2028 z
1981 1990 2072 2031 Ha·

1186 2044 1253 2077 tar
1275 2045 1314 2077 te
1331 2040 1513 2091 appello.

1241 2097 1308 2131 ⁶1.
1353 2092 1552 2133 Ilionam.
1594 2096 1689 2132 Erat
1732 2094 1860 2133 iliona
1901 2096 2077 2135 maxima

1185 2146 1356 2185 tiliarum
1388 2148 1564 2194 Priami,
1598 2156 1698 2185 uxor
1740 2148 2078 2196 Polymnestoris,

1184 2201 1358 2239 ‘rbracloe
1385 2202 1512 2249 regis,
1534 2200 1599 2239 cui
1631 2202 1808 2239 Priamus
1834 2200 2083 2248 Polydorum

1177 2252 1311 2291 ,illium
1341 2255 1528 2292 alendum
1558 2254 1683 2299 clam,
1705 2256 1751 2291 ut
1768 2254 1897 2292 amico
1930 2254 2016 2298 regi
2038 2258 2086 2292 et

1185 2306 1317 2353 amni,
1355 2307 1576 2345 tradiderat
1616 2300 1752 2344 initio‘
1777 2307 1870 2343 baill
1904 2308 2076 2353 trojani,

1185 2361 1324 2397 martis
1341 2360 1560 2400 communis
1579 2358 1705 2398 aleam
1725 2360 1886 2397 veritus.
1905 2360 1956 2397 At
1971 2361 2083 2399 buno

1185 2412 1458 2458 polymnestor
1480 2412 1568 2451 auri
1603 2411 1712 2456 quod
1733 2421 1759 2449 a
1780 2412 1936 2449 Priamo
1959 2420 2077 2451 acoe-

1183 2467 1299 2509 perat
1309 2492 1320 2510 ‚
1335 2468 1380 2502 nt
1393 2465 1632 2510 Polydorum
1649 2464 1837 2501 educaret
1853 2474 1900 2503 ac
1913 2465 2081 2513 celaret,

1185 2525 1322 2554 amora
1343 2520 1480 2561 captus
1493 2544 1504 2561 ,
1531 2516 1792 2553 obtruncavit.

1241 2571 1306 2605 σε.
1337 2566 1449 2605 Huic
1475 2576 1549 2615 ego
1569 2592 1582 2613 ,
1614 2569 1695 2603 etc.
1737 2570 1820 2610 Ego
1859 2568 2013 2607 docebo
2033 2572 2083 2608 et

1186 2618 1466 2657 demonstrabo
1499 2618 1657 2661 vulsum
1683 2626 1842 2653 omnem
1873 2620 2048 2659 insanire
2062 2650 2076 2669 ,

1185 2672 1228 2707 et
1243 2678 1375 2708 errare
1397 2678 1592 2713 errorem,
1625 2669 1716 2707 buic
1733 2670 1861 2707 errori
1876 2670 2050 2709 similem
2063 2701 2078 2719 ‚

1186 2722 1228 2759 id
1243 2724 1328 2763 est.
1351 2730 1485 2760 errore
1505 2721 1625 2759 simili
1655 2720 1839 2759 laborare
1860 2733 1872 2757 ε
1891 2722 1950 2759 sic
1970 2723 2077 2762 diei.

1185 2780 1296 2820 mus,
1323 2772 1466 2811 dolere
1500 2772 1689 2812 dolorem
1717 2772 1898 2813 alterins
1916 2802 1928 2824 ,
1965 2784 2078 2827 qau-

1184 2823 1305 2863 dt’um
1323 2824 1530 2876 paudere.

1239 2882 1308 2917 st.
1346 2878 1516 2929 Inteper
1537 2908 1552 2929 ‚
1581 2885 1664 2921 ete.
1692 2882 1752 2921 An
1783 2891 1905 2923 sanus
1934 2885 1998 2921 est
2015 2882 2078 2933 is,

1186 2934 1257 2979 qni
1289 2934 1362 2971 tibi
1395 2935 1542 2973 ementi
1575 2936 1736 2974 crediti
1758 2934 1954 2984 —Eseo,
1989 2940 2078 2976 ete.

1185 2986 1304 3032 Finge
1329 2988 1407 3026 boo
1422 2997 1448 3026 a
1474 2997 1538 3033 me
1560 2990 1632 3027 tibi
1663 2990 1768 3035 diel;
1796 2990 1934 3035 accipe
1965 2991 2082 3037 qnod

1187 3049 1390 3086 nunquam
1413 3042 1510 3078 mibi
1541 3042 1711 3087 redden
1746 3046 1854 3080 ωηο
1883 3050 1964 3081 non
1994 3044 2081 3081 eris

1188 3096 1234 3131 tn
1255 3095 1439 3140 insanus,
1459 3094 1558 3131 illud
1579 3095 1615 3132 sl
1635 3094 1808 3141 accipias
1831 3110 1841 3142 i
1865 3104 1975 3133 esses
1999 3104 2080 3133 an·

1187 3149 1269 3185 iem
1289 3148 1472 3193 protecto
1493 3148 1526 3185 si
1550 3147 1591 3184 id
1608 3156 1834 3194 nouum,
1855 3150 1896 3186 et
1919 3148 2080 3186 lucrum

1187 3200 1374 3247 reginero·
1395 3226 1408 3245 ,
1447 3201 1556 3244 quod
1595 3201 1668 3239 tibi
1713 3200 1911 3247 propitius
1959 3200 2084 3239 offert

1187 3254 1401 3293 Βοιωτίης
1423 3264 1434 3287 2
1455 3261 1530 3296 ego
1555 3254 1691 3298 potius
1721 3254 1932 3291 insanirem
1953 3280 1966 3300 ,
2005 3254 2082 3301 qul

1187 3306 1246 3345 sie
1267 3305 1405 3343 darem
1434 3305 1522 3343 tibi.
1542 3307 1652 3345 idem
1672 3306 1823 3347 iaciunt
1838 3314 1978 3345 omnes
1993 3304 2082 3345 ter·

1188 3358 1408 3397 creditores
1426 3369 1438 3395 ε
1461 3358 1560 3397 dant
1575 3359 1822 3399 debitoribus
1843 3359 1954 3407 qnod
1971 3367 2077 3407 m·

2275 2356 2277 2377 ,,
2265 923 2278 2349 ,-,-,-.-,.---ῌ---.--.-
