2317 3850
332 59 569 145 1111!ss
640 93 902 136 Arrwmx
938 96 1004 137 m:
1041 96 1148 139 nus
1186 98 1252 139 rr
1288 99 1553 140 nsnomus
1588 99 1851 142 Ροετιοιε.

333 179 515 230 diurna
537 184 591 228 et
607 190 772 230 annua
791 179 1124 232 conversione
1146 188 1352 246 tempus
1378 183 1552 234 efficit.
1575 185 1741 242 Quum
1766 197 1891 236 vero
1916 191 2177 252 temporis

333 265 427 314 par
443 253 684 302 vetustati
705 252 772 302 sit
797 252 1060 310 velocitaS,
1089 251 1335 313 idemque
1367 251 1521 301 finem
1554 252 1713 301 rebus
1744 266 1877 316 quas
1894 255 2174 318 produxit,

333 317 537 376 afferat,
565 317 884 381 descripsere
913 318 1188 368 Saturnum
1218 317 1397 367 habitu
1424 317 1563 368 senis
1588 317 1707 367 alati
1728 320 1929 370 eti’alce
1951 324 2141 373 armati
2159 363 2173 383 ,

333 385 425 447 qui
467 385 658 435 liberos
681 397 803 434 suos
833 384 1124 434 devoraret.
1158 384 1433 433 Saturnum
1463 384 1670 446 excepit
1692 385 1876 442 Janus,
1912 387 2039 437 Latii
2076 403 2178 442 rex

332 450 782 514 prudentissimuS,
821 451 910 512 qui
932 450 1248 512 prospiceret
1275 449 1473 506 futura,
1509 451 1771 513 praeterita
1800 449 2126 506 meminisset
2159 475 2173 508 :

333 530 454 566 eum
475 518 746 567 bifrontem
766 515 959 566 idcirco
979 516 1271 579 pinxerunt.
1295 517 1461 565 Rudes
1482 523 1534 565 et
1551 517 1773 566 incultos
1792 518 2031 570 homines
2050 521 2177 573 Pro-

332 583 570 634 metheus
595 597 625 633 a
647 583 812 633 ferino
833 584 970 632 victu
989 581 1241 633 abductos
1264 581 1517 639 excoluit,
1545 594 1605 631 ac
1628 589 1854 632 mentem
1876 586 2037 636 veluti
2056 600 2178 639 cor·

335 650 547 710 poribus
572 649 742 700 brutis
767 648 965 699 addidit
989 664 1000 696 :
1039 649 1147 698 haec
1168 648 1266 698 fuit
1291 661 1443 699 causa
1478 661 1573 698 cur
1594 649 1825 698 homines
1852 649 2019 702 dictus
2039 653 2107 703 sit
2135 668 2174 705 e

334 715 445 765 luto
475 715 698 766 tinxisse.
722 714 863 765 Idem
894 727 1045 765 usum
1081 715 1215 776 ignis
1250 714 1484 770 edocuit.
1524 727 1584 764 ac
1611 717 1809 778 reperit
1825 729 1931 779 quo
1960 725 2111 781 pacto
2130 733 2173 773 ⁴e

333 780 456 831 solis
496 780 676 838 radiis,
716 787 839 843 puta
883 793 1110 830 concavo
1139 782 1354 843 speculo
1392 781 1621 843 exceptis
1646 820 1659 838 ,
1696 782 1995 834 eliceretur.
2038 785 2174 838 Hinc

281 877 284 880 -
334 851 452 896 nata
490 847 652 896 multa
695 847 811 897 vitae
845 847 1138 905 commoda,
1175 852 1229 896 et
1252 860 1282 896 e
1311 847 1594 896 commodis
1633 848 1982 906 incommoda,
2014 851 2171 902 nimi·

332 925 448 963 rum
491 913 684 971 morbi,
726 912 918 964 febres,
956 914 1228 964 Deucalion
1263 914 1423 964 urbes
1457 913 1684 963 condidit
1708 952 1721 971 ,
1754 914 1950 964 invenit
1987 923 2126 968 artes
2150 957 2169 978 ,

333 980 491 1028 vitam
529 979 760 1029 moribus
793 979 1028 1030 ornavit:
1056 980 1175 1029 binc
1198 991 1319 1029 saxa
1354 980 1406 1028 in
1448 979 1680 1034 homines
1717 985 1945 1031 mutasse
1985 985 2172 1044 praedi·

333 1051 498 1095 catur.
527 1045 773 1108 Amphion
801 1045 1061 1095 devinctos
1093 1045 1369 1095 concordia
1395 1045 1666 1096 Thebanos
1692 1045 1757 1095 ad
1793 1048 1977 1097 urbem
2002 1048 2135 1098 aedifi

333 1112 547 1161 eandam
567 1111 811 1161 adduxit:
837 1111 1031 1174 lapides
1059 1113 1182 1174 lyrae
1203 1125 1331 1160 sono
1350 1111 1569 1161 movisse
1588 1118 1843 1162 narratur.
1880 1113 2014 1164 Atlas
2038 1129 2117 1165 vet

333 1176 388 1226 in
414 1184 636 1227 montem
675 1190 952 1227 conversus
977 1179 1168 1228 coelum
1192 1177 1421 1227 humeris
1451 1176 1589 1228 ferre
1606 1217 1619 1236 ,
1662 1179 1781 1240 quia
1810 1185 1870 1229 ut
1894 1185 2030 1230 astra
2053 1195 2124 1244 sp·

333 1244 615 1300 cularetur,
656 1243 706 1293 in
733 1243 999 1294 editiorem
1032 1243 1346 1295 ascendebat
1366 1244 1562 1300 locum,
1592 1251 1645 1294 et
1667 1245 1931 1296 coelestem
1954 1260 2131 1310 excog2

333 1311 460 1360 tavit
481 1311 758 1374 spbaeram,
801 1323 954 1372 quam
983 1311 1093 1361 sere
1129 1322 1339 1372 semper
1366 1323 1470 1373 prae
1505 1311 1741 1360 manibus
1774 1311 2017 1362 habebat.
2048 1315 2115 1364 Al.

334 1375 539 1427 Daedalo
573 1376 853 1433 dederunt,
894 1383 954 1426 ut
979 1389 1010 1426 e
1032 1377 1323 1440 labyrintho
1362 1377 1617 1435 evolaret,
1660 1377 1781 1441 quia
1808 1379 2081 1440 navigandi
2110 1395 2165 1430 et

331 1443 511 1492 utendi
555 1443 682 1492 velis
721 1447 882 1508 artem
921 1444 1133 1505 reperit.
1161 1445 1361 1493 Icarum
1387 1443 1567 1493 audaci
1605 1445 1777 1494 volatu
1815 1445 2051 1495 sublimia
2078 1459 2154 1498 ca-

333 1513 562 1571 ptantem
589 1509 640 1556 in
662 1520 804 1557 mare
833 1507 1161 1569 deiecerunt,
1202 1514 1263 1558 ut
1285 1509 1567 1570 iuvenilem
1606 1517 1843 1561 notarent
1869 1511 2153 1574 impruden·

332 1575 480 1628 tiam.
519 1586 634 1636 quae
687 1572 913 1622 medium
948 1573 1048 1622 iter
1087 1587 1146 1624 ac
1185 1579 1351 1624 tutum
1394 1581 1573 1627 tenere
1617 1578 1797 1627 nescit.
1842 1579 1899 1626 In
1949 1579 2123 1630 Tanta·

335 1652 544 1694 avaros,
583 1640 634 1688 in
667 1639 896 1701 Lycaone
928 1639 1193 1697 crudeleS,
1226 1641 1277 1690 in
1309 1641 1606 1704 Gigantibus
1642 1643 1924 1706 superbos,
1959 1643 2010 1690 in
2044 1646 2146 1694 alii-

333 1706 432 1755 alia
456 1705 645 1766 flagitia
669 1703 1070 1767 descripserunt.
1099 1706 1151 1755 ln
1182 1707 1415 1766 Medusa,
1445 1708 1662 1759 muliere
1688 1710 1981 1766 libidinosa,
2009 1709 2149 1760 indo-

331 1770 438 1821 lem
463 1772 610 1820 malae
633 1771 856 1820 libidinis
881 1771 1235 1822 adumbratam
1254 1813 1267 1832 ,
1296 1774 1534 1833 voluere,
1558 1777 1705 1839 cujus
1732 1791 1792 1827 ea
1816 1775 1892 1825 vis
1910 1777 2137 1839 labesqn·

331 1843 440 1894 est,
475 1844 534 1887 ut
573 1837 807 1888 homines
842 1837 980 1887 omni
1015 1840 1251 1898 rationis,
1296 1841 1499 1903 pietatis
1540 1847 1593 1892 et
1636 1843 1963 1893 humanitatis
2003 1856 2121 1892 sens

329 1904 604 1968 spoliat05‚
645 1905 696 1953 in
734 1917 854 1954 saxa
889 1905 1253 1957 transformare
1285 1908 1537 1959 videatur.
1568 1909 1691 1965 Quis
1717 1909 1769 1957 in
1800 1910 2033 1963 Narcisso
2058 1923 2152 1960 no:

331 1971 563 2033 agnoscit
581 1970 838 2022 hominem
853 1971 932 2021 sui
954 1974 1317 2025 amantiorem?
1336 1976 1455 2034 Quis
1478 1976 1529 2024 in
1554 1976 1743 2035 Marsya
1761 2012 1774 2029 .
1803 1984 1958 2035 quem
1982 1977 2161 2038 Apollo

331 2044 454 2088 cute
495 2037 708 2101 spoliat,
743 2045 1094 2101 arrogantem;
1130 2041 1183 2091 in
1223 2042 1395 2092 Persei
1423 2042 1612 2101 Pegaso
1648 2038 1966 2088 celeritatem
2002 2044 2163 2093 rebus

331 2105 574 2169 gerendis
608 2105 976 2164 necessariam;
1009 2108 1058 2157 in
1091 2107 1325 2171 eiusdem
1358 2104 1568 2169 speculo
1601 2103 1786 2167 polito,
1823 2104 1964 2167 quod
1994 2106 2169 2159 instar

331 2169 498 2235 clypei
522 2172 782 2236 gestabat,
813 2172 1114 2237 sapientiam
1141 2189 1246 2225 non
1270 2172 1541 2237 intelligit?

642 2308 800 2361 CArur
833 2309 970 2361 XXX.
1010 2313 1253 2377 Quouono*
1280 2326 1599 2364 nxrucANnAE
1633 2323 1849 2360 rAnunAE.

392 2417 502 2469 Erit
521 2419 680 2483 igitur
723 2422 987 2471 christiani
1011 2422 1341 2483 praeceptoris
1375 2421 1551 2470 videre
1594 2421 1717 2481 qnid
1757 2421 1912 2469 lateat
1936 2422 2035 2471 sub
2067 2421 2162 2471 illo

326 2487 520 2537 cortice
552 2487 811 2543 fabuloso,
851 2494 906 2536 et
933 2487 1205 2537 veritatem
1226 2486 1338 2533 istis
1360 2486 1640 2534 involutam
1669 2484 1866 2533 umbris
1892 2487 2158 2539 evolvere.

327 2553 412 2603 Sic
434 2552 605 2615 impiae
621 2550 890 2601 vetustatis
907 2564 1101 2601 venena
1119 2555 1384 2599 vertentur
1401 2550 1451 2597 in
1478 2548 1703 2598 antidota
1722 2587 1734 2605 .
1758 2555 1813 2598 et
1837 2563 1961 2600 suus
1982 2553 2163 2604 virtuti

325 2616 510 2673 honor,
535 2618 887 2678 improborum
911 2629 1089 2666 errore
1111 2616 1177 2665 ad
1205 2614 1322 2664 vitia
1343 2615 1607 2664 traductus
1624 2652 1637 2669 ‚
1662 2614 1779 2675 iure
1802 2617 1987 2669 merito
2014 2620 2163 2670 resti-

324 2688 522 2733 tuetur.
543 2682 784 2739 Quamvis
800 2687 972 2730 autem
999 2680 1106 2730 baec
1125 2692 1227 2731 uua
1253 2686 1528 2745 caperetur
1551 2680 1743 2730 utilitas
1760 2694 1825 2731 ex
1848 2681 2059 2735 historia
2080 2686 2157 2737 fa·

324 2748 535 2804 hulosa;
571 2747 806 2807 quamvis
843 2746 950 2795 haec
985 2759 1087 2795 una
1115 2748 1382 2807 legeretur
1418 2760 1447 2796 e
1490 2752 1568 2797 tot
1598 2746 1935 2810 flagitiorum.
1964 2752 2157 2815 quibus

323 2815 506 2874 religio
539 2812 748 2875 protana
769 2812 971 2869 sordet,
1003 2812 1326 2876 sterquilinio
1351 2825 1554 2876 gemma
1576 2852 1589 2872 ‚
1610 2814 1853 2866 nimirum
1890 2830 2157 2869 commen·

324 2880 464 2930 datio
500 2880 789 2929 christianae
830 2878 1116 2940 religioniS,
1149 2892 1267 2941 quae
1304 2880 1463 2929 Deum
1492 2893 1799 2945 moresque,
1838 2888 1979 2934 tanto
2010 2891 2243 2936 vete-22³

323 2947 470 2997 ribus
487 2946 589 2995 illis
606 2944 904 3003 dissimiles,
932 2944 1112 3004 tradit,
1133 2946 1259 2995 satis
1289 2959 1506 3009 magnus
1526 2953 1729 3010 pateret
1749 2948 1813 3000 ad
1827 2950 2157 3012 juventutem
2184 2952 2213 3017 ζ

321 3025 427 3066 non
462 3013 546 3079 pie
569 3012 763 3071 solum,
793 3010 886 3063 sed
913 3010 1096 3063 festive
1118 3025 1180 3064 ac
1200 3013 1466 3078 eleganter
1488 3014 1857 3067 instituendam
1873 3054 1887 3077 ,
1916 3029 2153 3082 campus.
2210 3040 2217 3044 ·
