2317 3850
820 134 885 175 ΕΤ
922 132 1184 175 annotans
1219 133 1480 178 vomicis·
1947 82 2124 183 Κῶ

212 210 353 263 orbis
376 216 647 260 terrarum
668 208 923 269 partibus,
956 208 1169 259 oraculo
1200 208 1436 271 delphico
1455 210 1632 272 jussus
1656 216 1737 261 est
1763 210 1813 261 iu
1838 222 1903 262 eo
1923 213 2057 263 Grae·

216 278 300 329 ciae
326 279 453 327 loco
496 277 779 326 consistere
798 313 811 331 ,
844 275 933 325 ubi
961 274 1170 325 obvium
1196 275 1412 325 haberet
1429 276 1614 327 bovem
1633 316 1645 333 ‚
1673 276 1850 339 ibique
1874 279 2056 331 urbem

215 344 446 395 condere
484 342 720 405 metam..
748 341 842 391 lib.
871 340 945 404 3).
974 341 1274 404 Regionem‚
1305 342 1583 400 Boeotiam3
1611 344 1796 393 urbem
1815 382 1828 401 .
1860 344 2059 395 Thebas

210 424 237 461 a
308 408 522 459 ellavit.

236 424 333 525 pfn
361 489 429 524 ea
462 474 643 537 plures
672 473 903 534 regnavit
933 485 1122 527 annos,
1160 472 1454 523 domesticis
1484 480 1656 523 tamen
1684 474 2058 527 calamitatibus

202 542 447 606 graviter
463 554 561 590 con
570 540 804 589 metatus.
824 538 896 588 Ex
910 539 1023 600 ejus
1039 538 1230 602 quippe
1249 540 1424 590 liberis
1441 541 1662 597 Semele,
1680 554 1838 603 quum
1855 543 2056 601 lovem,

202 622 273 659 ex
292 621 411 670 quo
438 606 695 655 Bacchum
718 604 893 660 edidit,
911 604 1089 655 videre
1108 604 1462 656 fulminantem
1487 610 1797 669 exoptasset,
1819 608 2056 660 ambusta

204 674 433 725 fulmine
462 673 637 737 periit.
661 672 767 728 ino,
798 670 1056 721 furentem
1086 671 1250 721 virum
1275 686 1426 722 snum
1453 673 1803 723 Athamantem
1826 674 2052 737 fugiens,

208 742 265 791 in
298 754 453 791 mare
494 751 552 788 se
590 738 903 801 praecipitem
935 737 1076 787 dedit
1102 738 1348 793 (Metam.
1373 739 1466 789 lib.
1497 740 1576 799 4).
1615 741 1780 802 Agave
1801 779 1812 796 ,
1847 741 2056 791 Penthei

206 815 403 863 mater,
446 804 613 855 filium
647 803 917 867 discerpsit
938 804 1183 867 (Metam,
1209 803 1297 853 lib.
1326 805 1407 867 3).
1444 804 1662 855 Cadmus
1697 806 1826 869 ipse,
1868 808 2055 857 Thebis

204 874 401 937 pulsus
430 872 504 921 ab
544 870 849 933 Amphione.
881 871 1137 919 concessit
1173 869 1236 919 ad
1267 871 1488 935 lllyrioS,
1525 884 1645 921 cum
1681 873 1901 935 conjuge
1920 913 1931 929 .
1963 874 2054 924 ubi

204 940 369 990 taedio
396 937 752 989 calamitatum
778 936 943 987 affecti
962 977 974 993 ‚
998 936 1093 986 diis
1112 936 1474 989 miserantibus
1489 976 1501 996 ,
1531 938 1582 987 in
1607 947 1876 1003 serpentes
1901 940 2054 991 ambo

204 1006 402 1057 mutati
430 1009 560 1053 sunt
580 1004 811 1065 (Metam,
843 1002 931 1052 lib.
960 1003 1029 1065 ⁴).

274 1070 541 1135 Amphion
572 1070 805 1120 thebanae
825 1070 1039 1119 civitatis
1059 1082 1238 1119 muros
1265 1069 1516 1127 condidit,
1542 1070 1964 1121 convenientibus
1988 1071 2051 1121 ad

211 1139 442 1188 sonitum
467 1138 596 1199 lyrae
613 1136 768 1194 saxiS,
788 1142 1091 1199 septemque
1110 1136 1164 1186 in
1183 1148 1243 1187 ea
1263 1142 1436 1199 portas
1454 1138 1672 1199 aperuit.
1695 1137 2057 1187 flancAlexan-

212 1205 309 1254 der
346 1203 578 1259 delevit.
619 1200 821 1252 Pindari
857 1208 1028 1252 tamen
1063 1201 1269 1252 familiae
1299 1215 1359 1252 ac
1391 1203 1647 1254 domicilio
1679 1204 1932 1265 parcitum
1962 1204 2055 1253 uni

210 1271 401 1321 voluit.
424 1270 536 1319 Alia
559 1268 657 1319 fuit
676 1268 801 1318 urbs
817 1268 1053 1330 eJ'usdem
1081 1268 1300 1319 nominis
1316 1268 1370 1316 in
1404 1269 1640 1331 AEgypto.
1663 1274 1870 1318 centum
1894 1270 2055 1331 portis

216 1344 401 1399 patens
418 1376 430 1393 ,
460 1350 494 1385 a
521 1347 625 1398 qua
655 1335 799 1397 regio
824 1335 986 1384 vicina
1015 1345 1302 1397 cognomen
1327 1332 1598 1384 Thebaidis
1631 1333 1810 1383 habuit
1834 1351 1848 1383 :
1877 1335 1974 1383 alia
2001 1336 2054 1385 in

225 1401 421 1459 cilicia,
444 1401 827 1451 Andromaches
854 1399 1043 1464 patria,
1071 1412 1228 1464 quam
1256 1401 1443 1458 Graeci,
1471 1400 1728 1462 trojanum
1759 1400 1824 1451 ad
1856 1399 2054 1451 bellum

225 1468 613 1533 proficiscentes
625 1506 638 1527 ,
665 1472 945 1519 vastarunt.

872 1605 1031 1655 Garum·
1054 1602 1151 1653 XX.
1191 1602 1409 1653 OEmrns.

278 1728 441 1779 Laius
461 1767 474 1787 ‚
502 1728 793 1778 Thebarum
817 1738 910 1775 rex
928 1764 941 1784 ‚
976 1738 1137 1789 quum
1165 1723 1444 1774 audivisset
1465 1736 1523 1773 se
1547 1724 1836 1787 periturum
1860 1738 1889 1775 a
1913 1724 2019 1775 filio
2034 1760 2050 1783 .

210 1794 445 1846 locastae
465 1793 618 1845 uxori
644 1792 915 1857 praecepit,
944 1796 1005 1843 ut
1030 1797 1207 1841 natum
1235 1790 1479 1840 infantem
1505 1790 1786 1853 jugularet.
1813 1792 2055 1841 Aversata

210 1860 419 1911 facinus
434 1868 603 1912 mater
620 1860 959 1910 occidendum
983 1870 1204 1921 puerum
1231 1857 1438 1906 tradidit
1457 1857 1602 1907 militi
1627 1873 1644 1907 ι
1667 1858 1816 1909 miles
1848 1856 2056 1921 pueruli

210 1927 451 1978 lacrimis
488 1935 541 1978 et
580 1927 776 1978 liberali
806 1924 967 1975 forma
993 1931 1192 1982 motus,
1225 1935 1346 1974 eum
1375 1937 1437 1975 ex
1463 1923 1649 1975 arbore
1679 1924 1948 1988 suspendit
1969 1935 2058 1987 pe-

212 1994 377 2044 dibus
398 2035 410 2050 .
442 2008 575 2058 quos
599 1996 718 2044 sune
737 2032 749 2050 ,
780 2005 876 2042 seu
897 1992 1082 2042 vimine
1108 1992 1161 2041 in
1189 1991 1358 2042 calces
1382 1990 1572 2049 indito,
1606 1992 1898 2053 trajecerat.
1931 1991 2056 2041 Sus·

212 2073 447 2124 pensum
467 2061 594 2110 vidit
608 2060 853 2125 magister
870 2065 1220 2108 armentorum
1242 2057 1462 2121 Polybii‚
1485 2058 1860 2108 Corinthiorum
1883 2059 2020 2121 regis
2037 2093 2054 2114 .

218 2133 279 2176 ct
304 2128 503 2188 reginae
522 2166 533 2184 ,
567 2126 741 2176 liberis
769 2125 987 2178 carenti.
1016 2124 1229 2179 obtulit.
1259 2136 1376 2185 quae
1406 2136 1626 2187 puerum
1653 2124 1784 2174 aluit
1810 2137 1904 2186 pro
1928 2135 2052 2180 suo,

220 2191 579 2256 OEdipumque
606 2192 732 2242 dixit
757 2205 784 2242 a
812 2191 1005 2255 pedum
1038 2189 1269 2245 tumere.
1305 2201 1438 2250 quos
1473 2189 1676 2239 inflatos
1709 2196 1765 2238 et
1796 2194 2058 2241 tumentes

220 2258 502 2308 retinebat.

290 2323 461 2375 AEtate
484 2331 758 2389 provectus
781 2321 1035 2386 comperit
1060 2332 1392 2382 nequaquam
1419 2317 1615 2382 Polybii
1638 2329 1696 2366 se
1721 2327 1838 2365 esse
1863 2316 2053 2374 filium:

213 2391 499 2441 oraculum
524 2391 771 2448 consulit,
800 2391 865 2440 ab
889 2401 1059 2452 eoque
1086 2385 1262 2436 didicit
1287 2384 1518 2434 futurum
1544 2388 1603 2432 ut
1631 2387 1827 2446 patrem
1853 2381 1906 2430 in
1932 2381 2060 2432 Pho-

216 2456 339 2507 cide
364 2457 638 2520 reperiret.
666 2457 794 2508 illuc
818 2455 1079 2519 profectus
1111 2453 1305 2508 Laium,
1332 2451 1385 2499 in
1409 2448 1662 2500 seditione
1706 2447 1944 2511 populari
1971 2459 2054 2499 se·

214 2522 395 2573 danda
418 2524 769 2580 laborantem,
803 2522 1103 2585 imprudens
1138 2518 1386 2582 peremit,
1415 2529 1476 2567 ac
1509 2516 1709 2567 Thebas
1737 2512 1904 2591 rediit.
1938 2512 2059 2590 §.irat

216 2601 329 2639 non
368 2591 553 2652 procul
586 2592 653 2640 ab
687 2590 819 2639 urbe
852 2588 1043 2652 Sphinx
1060 2625 1073 2644 ,
1113 2591 1401 2636 monstrum
1442 2583 1795 2647 ingeniosum.
1827 2591 2057 2643 virgineo

218 2655 422 2718 capite.
454 2669 671 2720 corpore
706 2656 911 2710 canino.
940 2654 1032 2703 alis
1064 2653 1300 2704 draconis
1329 2657 1382 2702 et
1409 2651 1596 2708 cauda,
1639 2648 1856 2714 pedibus
1891 2645 2057 2698 leonis

224 2727 285 2768 et
301 2721 563 2784 unguibus
580 2762 591 2778 .
617 2723 833 2786 insigne.
866 2719 1298 2770 Praetereuntibus
1323 2720 1536 2782 aenigma
1567 2715 1887 2780 proponebat
1904 2725 2059 2790 ..eos-

226 2796 364 2848 que,
396 2789 493 2838 nisi
520 2789 783 2852 objectum
808 2788 1000 2836 nodum
1032 2786 1319 2842 solverent.
1349 2783 1647 2834 devorabat.
1681 2782 1806 2832 Hine
1831 2791 2058 2841 regionis

204 2851 466 2911 »vastitas,
502 2860 557 2904 et
584 2855 733 2905 urbis
766 2853 1019 2908 solitudo,
1055 2853 1117 2901 ad
1158 2864 1314 2915 quam
1341 2864 1494 2901 nemo
1531 2853 1734 2912 poterat
1769 2846 2056 2908 adspirare.

219 2919 419 2976 Creon,
446 2920 665 2972 Jocastoe
694 2921 872 2977 frater.
901 2920 989 2982 qui
1029 2918 1149 2968 Laio
1178 2923 1383 2969 mortuo
1411 2927 1626 2978 regnum
1659 2913 1938 2965 thebanum
1967 2924 2056 2962 oc-

217 2991 534 3048 cupaverat,
577 2988 827 3052 praeconis
856 2999 979 3036 voce
1007 2999 1107 3048 per
1147 2984 1440 3034 universam
1477 2981 1718 3032 Graeeiam
1753 2978 1914 3029 edixit
1945 2978 2057 3027 fore

217 3057 283 3100 ut
306 3065 529 3114 regnum
558 3062 611 3103 et
631 3055 885 3104 locastam
908 3091 919 3109 ‚
950 3051 1053 3101 Laii
1075 3062 1316 3104 uxorem.
1342 3048 1416 3097 illi
1445 3047 1705 3104 traderet,
1735 3045 2058 3107 quicumque

196 3117 549 3180 -Propositum
588 3122 801 3181 aenigma
830 3122 1007 3182 posset
1030 3117 1309 3180 explicare.
1341 3115 1590 3172 Quodnam
1615 3109 1804 3161 annual
1835 3112 1944 3162 est,
1979 3109 2056 3156 in·

216 3184 446 3245 quiebat
462 3184 654 3248 Sphinx
668 3226 681 3242 .
704 3199 845 3235 unane
864 3185 1173 3248 quadrupes,
1198 3181 1292 3230 sub
1316 3180 1570 3230 meridiem
1596 3178 1752 3236 bipes,
1775 3178 1826 3251 ᾳ
1845 3185 2057 3252 vespere

216 3249 426 3310 tripes?
448 3252 658 3314 OEdipus
675 3292 687 3308 ,
714 3257 855 3302 tanto
880 3251 1089 3313 praemio
1118 3247 1386 3304 invitatum,
1414 3244 1679 3307 respondit
1711 3240 1895 3290 animal
1920 3237 2058 3316 istud

216 3314 487 3366 hominem
508 3317 676 3380 ipsum
700 3331 831 3375 esse,
857 3317 946 3380 qui
964 3314 1183 3379 pedibus
1207 3312 1547 3376 mansshusque
1571 3311 1735 3372 reptat
1751 3307 1804 3356 in
1823 3305 2055 3360 infantia:

214 3380 359 3432 binis
389 3383 611 3446 pedibus
634 3384 811 3435 nititur
830 3384 939 3440 vir3
967 3393 1151 3437 senex.
1181 3379 1392 3434 bacuio.
1421 3375 1570 3439 quasi
1591 3373 1746 3425 tertio
1774 3367 2060 3449 pede-sul-

212 3447 365 3498 cittu·
386 3450 637 3512 (Metam,
671 3451 761 3501 lib.
790 3450 873 3514 7).
910 3449 1018 3500 Hoc
1060 3457 1310 3510 responso
1350 3443 1486 3494 victa
1525 3441 1718 3506 Sphinx
1745 3441 1966 3504 praecipit
