2317 3850
887 181 954 224 nr
991 179 1259 223 annotans
1290 179 1553 225 maricis,
1724 177 1735 196 ‘
2064 165 2207 236 xm

297 259 444 314 bant.
479 257 677 310 Eodem
711 257 975 320 instructae
1001 256 1205 306 feminae
1224 295 1236 314 ,
1262 256 1454 319 sparsis
1485 255 1649 307 comis
1672 255 1933 307 ululantes
1951 295 1963 314 ,
1994 269 2143 310 sacra

299 327 486 378 Bacchi
513 324 888 376 celebrabant:
911 322 1189 374 Trieterica
1216 322 1323 372 illis
1347 335 1565 380 nomen.
1592 324 1714 385 quia
1746 325 1903 374 tertio
1928 336 2143 387 qnoque

296 408 434 445 anno
465 391 848 442 recurrebant:
871 395 926 438 et
949 389 1227 451 Orgia,'ob
1254 388 1485 438 furorem
1503 427 1515 446 ,
1538 401 1645 451 quo
1662 391 1773 439 istae
1800 390 2139 450 Bacchantes,

295 461 533 526 pellibus
554 457 798 520 tigridum
827 462 881 506 et
904 457 1267 518 pantherarum
1294 455 1512 512 indutae,
1544 467 1912 518 nonnunquam
1936 463 2147 508 armatae

295 527 543 583 facibuS‚
581 537 672 586 per
709 522 874 572 invios
911 528 1114 572 montes
1140 521 1489 585 vagabantur.
1522 522 1811 584 praesertim
1849 521 1899 571 in
1928 523 2142 574 Thracia

303 593 570 656 (Metam,
599 589 686 639 lib.
718 594 740 638 4
774 594 828 639 et
861 587 963 648 11).
1001 588 1196 638 Praeter
1230 587 1370 637 illius
1396 587 1628 643 nomina.
1666 600 1782 650 quae
1810 589 2143 651 exposuimus

305 657 409 707 lib.
443 659 471 706 4
505 656 712 712 Metam„
739 655 1024 705 vocabatur
1039 655 1195 704 etiam
1215 654 1507 717 Dionysius,
1529 655 1637 705 sive
1658 655 1923 717 DionysuS.
1946 667 1973 704 a
1994 656 2139 713 Jove.

309 721 477 784 ipsius
498 728 664 784 patre.
699 727 753 770 et
777 721 845 770 ab
867 719 1000 770 urbe
1030 720 1188 783 Nysa,
1220 719 1309 770 ubi
1334 719 1594 782 regnavit;
1616 721 1698 770 vel
1722 733 1751 770 a
1782 721 1963 783 nysaeis
1994 734 2139 784 nym-

311 787 454 850 phis,
489 801 516 836 a
551 787 741 850 quibus
771 786 1041 836 educatus.
1077 785 1220 850 Apud
1249 785 1451 836 Latinos
1480 787 1636 850 vulgo
1665 785 1818 837 Liber
1849 787 2137 845 dicebatur,

312 854 434 916 quia
451 855 598 904 ebrio
615 852 832 903 liberius
851 851 994 908 nihil,
1013 851 1138 902 nihil
1155 851 1223 900 ab
1242 851 1381 901 omni
1402 863 1524 902 cura
1544 853 1779 902 solutius.
1802 853 1927 903 Huic
1946 855 2143 905 nomini

309 919 590 984 respondet
633 930 860 982 graecum
901 919 1090 980 Lyoeus.
1139 918 1265 968 Hinc
1306 917 1419 980 eius
1481 918 1609 970 festa
1651 919 1965 969 vocabantur
2002 920 2139 984 apud

307 986 510 1037 Graecos
535 985 796 1048 Dionysia;
827 984 962 1049 apud
988 983 1192 1034 Latinos
1212 995 1337 1034 vero
1362 983 1636 1041 Liberalia,
1657 985 1765 1034 sive
1788 987 2135 1038 Bacchanalia.

303 1051 589 1104 Peculiaria
616 1052 850 1114 quaedam
879 1049 1280 1102 celebrabantur
1306 1049 1358 1098 in
1382 1050 1557 1101 Attica:
1584 1051 1752 1115 pagis,
1785 1053 1979 1102 ascolia
2012 1065 2145 1102 nun-

283 1117 518 1182 cupata.
546 1131 576 1168 a
606 1131 732 1169 voce
767 1129 960 1182 graeca,
993 1129 1110 1180 quae
1136 1123 1305 1166 utrem
1334 1117 1603 1182 significat.
1631 1117 1935 1168 statuebant
1962 1119 2139 1183 itaque

293 1185 450 1236 'utres
480 1182 707 1236 hircinos
732 1183 785 1232 in
811 1191 977 1248 prato,
1003 1182 1234 1240 inflatos,
1260 1188 1313 1232 et
1336 1185 1453 1234 oleo
1481 1183 1736 1235 inunctos.
1758 1185 2031 1235 Saltabant·
2044 1197 2141 1248 per

297 1251 398 1301 hos
439 1249 626 1302 rustici
659 1249 813 1300 unico
851 1254 1048 1299 tantum
1077 1248 1246 1312 pede:
1284 1260 1403 1298 nam
1439 1250 1657 1300 alterum
1687 1256 1917 1302 erectum
1938 1288 1951 1307 ‚
1993 1255 2049 1301 et
2085 1251 2139 1302 in

287 1317 426 1368 'aere
451 1319 718 1374 libratum,
751 1315 1028 1366 habebant.
1057 1315 1152 1374 Qui
1178 1313 1433 1365 cadebant
1458 1314 1627 1377 (quod
1652 1318 1858 1378 proprio
1884 1317 2139 1367 vocabulo

299 1397 550 1434 cer-unare
573 1384 769 1433 dictum
802 1387 885 1432 est
915 1397 944 1432 a
974 1381 1235 1437 Romanis,
1262 1379 1443 1430 eadem
1473 1379 1693 1432 sublnde
1720 1380 1851 1432 festa
1877 1382 2135 1445 imitatis),

303 1449 412 1500 risu
434 1451 654 1514 agrestis
677 1461 880 1499 coronae
901 1454 954 1497 et
971 1446 1232 1498 cachinnis
1256 1445 1664 1511 excipiebantur.
1695 1449 1935 1510 (Consule
1962 1447 2141 1499 Lacer-

307 1515 424 1566 dam
440 1555 453 1575 ,
478 1517 568 1567 lib.
601 1517 642 1566 lI
665 1516 861 1576 Geora..
880 1527 1037 1566 versu
1057 1513 1197 1576 58⁴.)
1220 1513 1351 1564 Sunt
1368 1514 1460 1576 qui
1482 1513 1841 1565 adumbratum
1860 1515 1913 1564 in
1942 1515 2139 1566 Baccho

299 1579 460 1634 fuisse
487 1583 647 1633 veiint
677 1580 900 1632 Nemrod
919 1619 932 1638 ,
957 1582 1048 1644 qui
1069 1579 1277 1632 bebraea
1310 1593 1436 1632 voce
1460 1580 1707 1631 Bar-chus
1725 1621 1737 1639 ,
1773 1581 1825 1632 id
1852 1586 1931 1632 est
1949 1621 1961 1639 ,
1986 1582 2139 1632 Chusi

297 1648 440 1699 filius
461 1688 474 1707 ,
495 1647 804 1713 appellatur.
839 1648 969 1698 Sunt
991 1647 1083 1710 qui
1121 1647 1343 1710 Moysem
1368 1647 1421 1697 in
1450 1659 1515 1697 eo
1542 1661 1842 1712 expressum
1872 1656 2135 1713 pugnent,

295 1727 363 1765 ac
411 1717 572 1766 multa
614 1714 886 1778 proferunt
924 1728 954 1765 a
995 1713 1163 1778 poetis
1209 1714 1454 1764 attributa
1484 1714 1704 1772 Baccho,
1728 1728 1845 1780 quae
1885 1716 2037 1780 piane
2082 1715 2136 1766 in

291 1779 527 1843 ‚Moysem
575 1780 849 1844 quadrant.
901 1779 1142 1843 Plerique
1173 1793 1351 1830 omnes
1400 1781 1650 1832 Noemum
1686 1781 1737 1831 in
1772 1794 1836 1833 eo
1871 1781 2137 1846 depictum

288 1855 546 1908 censent,
569 1855 791 1898 satorem
815 1846 956 1904 vilis,
985 1859 1046 1897 ac
1073 1845 1179 1896 vini
1206 1847 1314 1896 sive
1338 1853 1758 1906 monstratorem,
1789 1849 1897 1899 sive
1925 1859 2137 1912 repara·

305 1917 492 1974 torem.
519 1916 578 1964 ln
606 1928 720 1965 eam
747 1913 1050 1965 sententiam
1080 1912 1335 1977 explicant
1366 1927 1480 1977 quae
1521 1921 1687 1978 poetae
1712 1913 1780 1967 de
1807 1915 2003 1967 Baccho
2031 1919 2133 1965 tra-

301 1979 437 2029 dunt
477 1998 491 2031 :
527 1994 713 2043 nempe
752 1994 781 2031 a
823 1979 1099 2030 Naiadibus
1133 1980 1346 2031 fontium
1391 1982 1623 2045 nymphis
1660 1982 1963 2047 praesidihus
2006 1981 2133 2033 edu·

299 2052 477 2095 catum
511 2044 695 2103 fuisse.
725 2052 785 2096 ut
816 2046 992 2095 vinum
1028 2059 1163 2109 aqua
1198 2048 1589 2110 temperandum
1618 2048 1883 2100 docerent.
1917 2050 2137 2111 l‘ingunt

301 2114 550 2161 eumdem
579 2112 760 2174 puerili
783 2125 990 2175 semper
1017 2112 1164 2162 vultu
1193 2130 1204 2162 :
1238 2113 1372 2163 ebrii
1400 2126 1679 2177 puerorum
1704 2114 1945 2167 simillimi
1974 2121 2131 2164 sunt:

306 2177 538 2232 nudum,
575 2177 694 2237 quia
726 2179 918 2229 nullum
955 2179 1102 2229 ebrio
1135 2192 1377 2229 arcanum
1414 2188 1511 2230 est.
1548 2182 1789 2233 Furiosos
1816 2182 2029 2231 comites
2058 2182 2134 2231 illi

312 2239 543 2295 addunt,
581 2242 736 2303 tigres
773 2245 879 2305 ejus
908 2246 1084 2295 currui
1121 2245 1441 2307 subjungunt
1474 2262 1485 2295 ε
1528 2246 1648 2307 quia
1682 2247 1880 2302 viuum,
1914 2255 2133 2298 excusso

309 2305 530 2355 rationis
547 2306 784 2371 imperio,
805 2310 1203 2376 intemperantes
1222 2310 1296 2359 ira
1317 2316 1372 2359 et
1389 2309 1564 2359 furore
1586 2310 1839 2368 incendit,
1861 2324 1922 2361 ac
1944 2313 2133 2363 belluis

302 2372 600 2425 simillimos
621 2374 802 2427 reddit.

890 2491 1050 2541 Caro-r
1077 2486 1203 2539 vili.
1242 2487 1541 2539 nascamus.

275 2636 284 2643 ·
365 2622 673 2681 Mercurius,
701 2624 824 2675 Maia
846 2625 1078 2688 genitus,
1107 2623 1321 2675 Atlantis
1352 2622 1477 2681 filia,
1502 2624 1641 2675 «lovis
1660 2630 1713 2675 et
1731 2624 1947 2677 deorum
1970 2626 2131 2677 inler-

275 2700 418 2751 ·pres
441 2689 536 2741 suit
565 2705 625 2740 ac
649 2692 888 2741 nuncius.
914 2693 1091 2755 itaque
1125 2692 1231 2741 alas
1259 2692 1311 2742 in
1338 2693 1505 2756 capite
1531 2699 1587 2743 et
1619 2691 1838 2757 pedibus
1870 2692 2094 2745 habebat
2112 2731 2125 2752 ,

297 2766 403 2817 quo
421 2756 713 2819 expeditior
727 2764 866 2809 esset
880 2757 942 2807 ad
967 2756 1203 2808 mandata
1218 2770 1463 2822 superum
1486 2758 1822 2821 perferenda:
1844 2760 2130 2811 caduceum

295 2832 419 2871 vero
443 2822 494 2871 in
524 2835 678 2873 manu
703 2824 946 2885 (Metam,
971 2824 1064 2874 lib.
1086 2824 1168 2887 2).
1196 2825 1504 2876 Mercurium
1530 2830 1741 2875 narrant
1764 2826 2007 2876 incidisse
2036 2825 2130 2875 ali·

294 2888 500 2949 quando
523 2890 578 2938 in
601 2890 731 2939 duos
757 2902 951 2953 angues
973 2889 1112 2940 inter
1132 2904 1191 2942 se
1212 2892 1513 2941 dimicantes
1527 2928 1539 2946 .
1560 2896 1840 2953 utrumque
1859 2892 2129 2945 diremisse

289 2952 597 3017 interposita
623 2956 796 3019 virga,
829 2968 982 3019 quam
1014 2956 1226 3007 tenebat
1256 2970 1426 3007 manu.
1456 2956 1579 3007 inde
1606 2957 1828 3015 factum,
1856 2965 1915 3007 ut
1934 2960 2127 3021 virgam

287 3021 496 3079 gemino
520 3034 688 3083 angue
712 3021 1022 3073 circumfuso
1047 3023 1297 3086 insignem
1324 3027 1577 3085 gestaret,
1604 3024 1969 3087 caduceusque
1988 3023 2129 3086 pacis

286 3093 428 3135 esset
476 3099 538 3136 ac
579 3086 794 3138 foederis
823 3088 1131 3151 symbolum.
1161 3089 1289 3147 Quia
1316 3089 1533 3139 deorum
1572 3090 1805 3139 minister
1831 3096 1887 3138 et
1908 3090 2132 3141 nuncius

286 3157 402 3200 erat
435 3152 746 3211 llercuriuS,
785 3153 1005 3203 inditum
1039 3154 1114 3203 illi
1153 3168 1369 3217 quoque
1403 3154 1504 3205 fuit
1530 3155 1727 3205 Camilli
1763 3166 1979 3211 nomen,
2021 3164 2131 3217 quo

285 3216 496 3268 nomine
525 3232 746 3281 pueros,
769 3232 828 3269 ac
849 3220 1218 3271 sacrificiorum
1245 3221 1527 3284 praesertim
1552 3220 1904 3278 administrOS‚
1930 3221 2128 3287 antiqui

285 3296 478 3333 vocare
515 3292 911 3336 consueverant.
953 3286 1192 3336 Mercurii
1234 3300 1420 3337 nomen
1458 3287 1650 3336 invenit
1689 3297 1718 3335 a
1746 3287 2041 3345 mercibus,
2072 3292 2131 3337 et

283 3356 608 3407 mercatura,
637 3352 720 3400 cui
754 3358 990 3415 praeerat.
1027 3354 1257 3403 Alterum
1282 3352 1525 3402 Mercurii
1546 3365 1731 3402 munus
1757 3360 1899 3410 erat,
1930 3353 2128 3403 animas

285 3421 614 3466 mortuorum
646 3416 710 3466 ad
739 3418 932 3467 inferos
957 3419 1221 3469 deducere
1238 3456 1249 3474 ‚
1275 3432 1341 3467 ex
1368 3418 1559 3479 iisque,
1603 3430 1764 3479 quum
1784 3430 1870 3467 res
1894 3418 2122 3473 ferebat,

285 3492 560 3532 revocare.
579 3482 830 3541 Tertium,
854 3482 994 3533 tures
1018 3482 1283 3545 adjuvare.
1305 3481 1447 3531 idem
1468 3482 1717 3543 palaestrae
1736 3488 1789 3529 et
1814 3478 2128 3542 eloquentiae
