2317 3850
245 144 371 206 ’ΠΟ

901 151 1211 197 summum
1246 151 1401 194 LIBER
1438 151 1479 195 1.

407 230 643 297 Evenit,
669 230 963 299 inquirant
987 226 1125 283 vitia
1152 232 1219 283 ut
1242 230 1337 282 tua
1362 240 1565 282 rursus
1598 233 1654 285 et
1682 228 1777 284 illi.

479 301 814 357 iracundior
837 303 924 355 est
942 298 1138 369 paulo,
1170 296 1359 352 minus
1386 302 1553 368 aptus
1580 300 1761 358 acutis

295 372 372 437 30
401 372 650 431 Naribus
674 372 876 428 horum
901 368 1227 437 hominum3
1255 368 1426 423 rideri
1445 370 1660 439 possit,
1690 386 1757 429 eo
1782 374 1931 443 quod

405 442 700 501 Rusticius
731 447 895 499 tonso
925 446 1054 511 toga
1078 438 1301 506 defluit,
1334 444 1390 496 et
1417 440 1560 495 male
1588 441 1751 499 laxus

401 516 467 570 ln
495 516 632 585 pede
661 513 879 570 calceus
904 512 1098 567 haeret.
1124 510 1199 566 At
1227 514 1313 565 est
1340 509 1558 579 bonus,
1586 518 1653 568 ut
1681 512 1877 570 melior
1903 513 1988 567 vir

405 586 534 642 Non
550 586 697 641 alius
714 584 1042 655 quisquam
1064 585 1122 639 at
1140 580 1246 637 tibi
1268 581 1581 652 amicus3at
1599 582 1888 655 ingenium
1906 586 2127 659 ingens

405 657 631 715 Inculto
649 656 786 712 latet
805 655 912 711 hoc
935 652 1040 709 sub
1067 666 1319 723 corpore.
1344 652 1599 723 Denique
1626 655 1870 725 teipsum

293 725 372 789 35
408 728 657 785 Concute
679 769 692 793 ,
725 738 859 781 num
890 738 1000 795 qua
1029 724 1134 779 tibi
1157 723 1422 780 vitiorum
1451 724 1719 781 inseverit
1746 726 1883 783 olim

403 798 619 855 Natura
636 840 650 864 ‚
683 800 780 852 aut
807 796 975 852 etiam
1001 794 1350 851 consuetudo
1380 794 1523 851 mala
1546 812 1561 849 ε
1584 808 1825 867 namque

405 868 693 939 Neglectis
721 866 936 923 urenda
959 866 1080 923 filix
1105 866 1420 923 innascitur
1447 867 1621 937 agris.

478 940 622 995 Illuc
647 942 1066 1009 praevertamur,
1095 942 1397 993 amatorem
1432 938 1582 1008 quod
1608 938 1799 994 amicae

407 1010 622 1081 Turpia
645 1008 936 1079 decipiunt
959 1020 1164 1065 caecum
1192 1008 1329 1065 vitia
1346 1050 1363 1076 ,
1395 1012 1493 1063 aut
1520 1009 1687 1065 etiam
1714 1009 1837 1079 ipsa
1860 1008 1992 1069 haec

299 1080 374 1142 40
408 1080 727 1147 Delectant,
758 1080 935 1137 veluti
951 1080 1250 1135 Balbinum
1282 1080 1520 1151 polypus
1549 1080 1779 1151 Hagnae.

409 1151 627 1209 Vellem
653 1152 714 1207 in
739 1150 989 1207 amicitia
1017 1151 1100 1207 sic
1129 1164 1476 1217 erraremuS,
1503 1155 1559 1207 et
1584 1150 1684 1207 isti

408 1220 608 1279 Errori
633 1235 834 1279 nomen
857 1222 1042 1279 virtus
1072 1223 1359 1293 posuisset
1385 1223 1708 1279 honestum.

408 1294 516 1363 At,
541 1298 700 1365 pater
731 1299 794 1350 ut
819 1294 969 1361 nati,
1001 1292 1086 1349 sic
1110 1305 1217 1350 nos
1244 1292 1513 1349 debemus
1537 1293 1737 1359 amici,

407 1365 469 1423 Si
497 1366 648 1435 quod
678 1364 756 1422 sit
775 1364 972 1421 vitium
988 1404 1005 1430 ,
1036 1377 1149 1420 non
1175 1362 1453 1421 fastidire.
1478 1364 1809 1420 Strabonem

299 1436 372 1499 45
403 1434 666 1508 Appellat
691 1440 898 1505 paetum
926 1440 1112 1506 pater3
1139 1439 1196 1491 et
1224 1434 1473 1505 pullum,
1504 1435 1647 1490 male
1672 1448 1877 1505 parvus

409 1508 470 1563 Si
497 1508 586 1565 cui
616 1506 770 1561 filius
799 1511 918 1575 est,
947 1513 1014 1563 ut
1036 1505 1330 1563 abortivus
1351 1505 1463 1563 fuit
1488 1506 1623 1561 olim

407 1577 502 1633 Sis
539 1578 686 1649 phus
707 1592 722 1630 ε
744 1578 896 1633 hunc
921 1590 1143 1642 varum,
1176 1576 1435 1633 distortis
1460 1575 1757 1639 cruribus;
1790 1577 1953 1635 illum

405 1648 502 1705 Bal
545 1650 657 1705 utit
676 1661 966 1715 scaurum,
1000 1646 1189 1718 pravis
1206 1641 1410 1703 fultum
1439 1646 1580 1701 male
1598 1646 1754 1702 taliS.

408 1718 638 1777 Parcius
663 1719 756 1774 hic
781 1716 948 1787 vivit3
971 1713 1123 1789 frugi
1153 1716 1377 1773 dicatur
1402 1737 1415 1773 :
1447 1718 1674 1788 ineptus

304 1790 374 1853 50
409 1790 486 1845 Et
502 1789 809 1859 jactantior
829 1788 922 1845 hic
943 1788 1113 1859 paulo
1140 1791 1259 1857 est3
1278 1788 1590 1845 concinnus
1616 1788 1811 1844 amicis

405 1859 666 1915 Postulat
690 1864 757 1916 ut
781 1858 1076 1915 videatur:
1101 1864 1159 1915 at
1182 1862 1271 1915 est
1299 1860 1693 1928 truculentior,
1724 1866 1890 1932 atque

407 1931 546 1987 Plus
571 1943 734 2001 aequo
760 1929 936 1994 liber3
961 1931 1203 2001 simplex
1235 1929 1513 2002 fortisque
1536 1931 1831 1988 habeatur.

409 2000 640 2058 Caldior
665 2005 782 2067 est3
809 2015 966 2058 acres
993 2002 1143 2060 inter
1165 2007 1515 2059 numeretur.
1542 2001 1784 2072 Opinor,

319 2140 387 2177 28.
417 2135 472 2176 Et
499 2135 586 2176 iili.
606 2139 660 2178 Ut
678 2137 759 2186 iiii,
783 2147 886 2186 qnos
917 2139 1070 2188 carpis,
1091 2141 1165 2181 tue.

267 2199 433 2238 quoque
449 2192 543 2230 vitia
565 2192 814 2238 investigent.

321 2257 390 2293 80.
417 2251 582 2292 Horum
614 2253 844 2294 hominum.
876 2256 952 2302 Qui
981 2265 1088 2295 nune
1103 2255 1158 2294 vi-

262 2311 384 2399 381ῑέ
416 2309 502 2355 vel,
541 2312 766 2354 certorum,
802 2310 1037 2355 quibuscum
1080 2317 1165 2350 ver-

321 2424 391 2458 85.
416 2417 620 2462 concute.
642 2421 856 2470 Examina,
885 2425 1080 2470 expende·
1107 2443 1165 2456 «ι-

264 2471 377 2511 Num
391 2481 477 2522 qua
487 2502 500 2523 ,
525 2479 606 2514 etc.
625 2478 726 2514 Num
743 2476 878 2522 aliqua
900 2477 1012 2515 vitia.
1027 2497 1082 2508 —·
1094 2477 1165 2518 In·

263 2525 434 2566 severit.
453 2531 742 2574 lnssenerarerit
754 2557 765 2578 ,
785 2529 987 2568 indiderit.

321 2590 388 2626 36.
441 2585 708 2628 Consuetudo
753 2588 890 2630 mala.
942 2591 1165 2630 Assiduitua

264 2641 472 2686 peccandi.
490 2659 548 2671 —
566 2641 777 2690 Namque,
797 2645 880 2680 etc.
897 2645 1023 2680 Pei-ax
1044 2645 1163 2682 vitio-

269 2701 358 2730 rum
373 2697 434 2730 est
449 2697 592 2731 natura
609 2697 811 2740 corrupta,
835 2694 911 2732 nisi
929 2694 1159 2732 evellantur.

264 2745 334 2782 Sic
355 2754 430 2782 suu
448 2748 590 2791 sponte
607 2749 823 2782 naseuntur
840 2747 882 2783 in
907 2746 1011 2790 agris
1035 2746 1160 2784 incul-

264 2797 316 2833 tis
328 2797 450 2834 illices
464 2801 506 2835 et
519 2797 680 2842 patim-i.
701 2797 814 2844 mlix,
828 2796 882 2835 de
901 2795 946 2836 la
961 2793 1159 2847 Γοααὲνθῐ

265 2849 466 2895 paliurus,
489 2857 618 2888 ronco
633 2877 644 2896 ,
669 2847 876 2889 char-dou.
939 2875 950 2883 ‚

321 2913 387 2948 88.
417 2907 540 2956 mue,
559 2913 642 2948 ete.
663 2911 765 2948 lliud
781 2915 872 2950 ante
890 2911 1025 2950 omnia
1041 2911 1163 2954 tacia-

262 2970 355 3001 mus
380 2975 391 2998 ε
416 2963 617 3000 imitemur
641 2973 712 3001 eos
737 2966 806 3010 qui
832 2967 988 3011 emant,
1011 2967 1160 3012 quique

263 3016 390 3055 veluti
418 3017 634 3055 coeeutiunt
669 3018 710 3056 iu
735 3027 872 3057 earum
903 3019 1030 3065 vitiis,
1059 3029 1159 3066 quas

265 3073 417 3109 amant.

321 3135 387 3171 to.
418 3129 615 3182 Polypus.
649 3132 812 3170 Nerium
832 3134 1010 3180 morbus,
1031 3135 1160 3175 dictus

265 3194 292 3222 a
315 3186 464 3234 polypo
480 3213 489 3230 ,
511 3186 620 3231 pisce
643 3185 839 3231 quodam,
867 3187 940 3233 qni
962 3189 1096 3226 multis
1117 3189 1160 3226 ii-

267 3238 348 3276 bris
365 3267 374 3284 ,
397 3244 588 3285 tanquam
605 3239 774 3285 pedibus
785 3266 797 3286 ,
816 3239 972 3279 nititur.

267 3301 393 3388 mhi».
413 3297 676 3340 strabonem.
703 3302 778 3350 Qui
803 3302 942 3341 oculos
969 3303 1160 3342 distortos

323 3405 390 3440 45.
435 3401 609 3443 Poetum.
641 3406 714 3444 Cui
751 3407 858 3444 oculi
894 3407 1086 3445 metentes
1118 3411 1160 3446 et

266 3457 491 3494 semiclausi
517 3462 624 3496 sunt.
652 3458 794 3497 strabo
813 3463 876 3498 est
895 3460 1022 3498 oeulis
1039 3461 1157 3507 plane

1218 2139 1411 2189 distortis,
1433 2143 1563 2188 inquit
1578 2145 1819 2190 Portum-103
1844 2147 1970 2190 paetus
1986 2172 1997 2190 ‚
2024 2145 2127 2183 leri·

1218 2197 1281 2232 ter
1298 2195 1522 2234 declinatis.
1542 2214 1597 2226 ·-
1619 2195 1803 2234 Pullum.
1828 2197 2035 2236 Pusillum.
2060 2217 2129 2228 —

1218 2245 1332 2286 Male
1347 2259 1520 2299 parvus.
1542 2253 1667 2297 supra
1689 2252 1854 2289 modum
1870 2258 2031 2296 pervus.

1275 2303 1341 2339 te.
1368 2301 1602 2342 Abortivue.
1624 2307 1725 2342 Ante
1747 2307 1901 2350 tempus
1921 2303 2081 2342 solitum
2096 2332 2111 2349 ‚

1218 2358 1261 2392 et
1279 2355 1509 2401 imperfecte
1527 2359 1657 2394 natus.

1274 2410 1342 2446 117.
1370 2406 1589 2458 Sisyphus.
1612 2413 1714 2447 Puer
1733 2410 1892 2447 Antonii
1914 2410 2125 2448 triumvir-1

1219 2461 1403 2508 pumilio,
1428 2463 1530 2499 duos
1546 2462 1667 2506 pedes
1689 2462 1814 2508 altus,
1836 2461 1943 2500 vater
1958 2465 1999 2498 et
2020 2464 2126 2499 sub-

1218 2513 1335 2550 dolus
1352 2541 1361 2558 ‚
1394 2517 1515 2559 utque
1544 2515 1635 2552 ideo
1654 2515 1783 2552 dictus
1804 2516 2017 2562 Sisyphum
2042 2518 2127 2560 qui

1218 2565 1297 2604 fuit
1311 2565 1410 2602 AEoli
1428 2567 1633 2610 qnondam
1650 2567 1766 2610 iilius,
1786 2576 1812 2603 e
1828 2569 1977 2604 'theseo
1990 2567 2129 2605 inier-

1218 2618 1359 2663 tectus,
1384 2617 1807 2655 vaferrimus.-Huno
1824 2627 1977 2656 varum
1986 2647 1997 2666 ,
2026 2625 2126 2660 eto-

1215 2671 1286 2706 Est
1308 2676 1424 2706 varus
1437 2697 1446 2714 ,
1472 2671 1505 2706 is
1528 2670 1597 2714 qui
1622 2676 1737 2706 crura
1765 2669 1979 2708 introrsum
1994 2679 2127 2714 versa

1215 2723 1259 2758 et
1266 2722 1421 2756 arcuata
1431 2721 1550 2759 babet
1566 2735 1577 2758 ε
1596 2722 1700 2758 sicut
1712 2721 1849 2764 vulgus
1862 2749 1873 2768 ,
1900 2723 1973 2767 qui
1990 2731 2125 2766 crura

1215 2773 1436 2811 extrorsum
1453 2782 1566 2812 versa
1584 2777 1625 2812 et
1646 2775 1876 2812 recedentes
1898 2783 1926 2814 a
1946 2784 1991 2814 se
2008 2776 2117 2820 invi·

1214 2833 1302 2864 cem
1328 2833 1455 2863 suras.

1270 2881 1339 2917 58.
1366 2875 1602 2928 Scaurum,
1640 2884 1723 2920 etc.
1752 2881 1891 2920 scauri
1916 2886 2113 2924 vocantur

1216 2931 1285 2978 qni
1305 2933 1403 2971 vitio
1421 2933 1559 2980 aliquo
1582 2934 1754 2974 talorum
1774 2935 1987 2982 laborant,
2016 2938 2105 2985 qui-

1214 2987 1290 3026 bus
1306 2987 1451 3026 inflexo
1473 2992 1515 3026 et
1538 2989 1691 3028 inverso
1709 2988 1791 3028 telo
1809 2988 1933 3035 pedes
1950 2989 2113 3028 distorti

1216 3043 1323 3078 sunt.

1270 3095 1337 3132 100.
1364 3089 1499 3142 Fruyi
1524 3091 1713 3132 dicatur.
1738 3095 1867 3132 Homo
1890 3094 1996 3140 frugi
2012 3095 2113 3136 diei·

1216 3147 1283 3183 tur
1299 3149 1340 3184 et
1357 3149 1613 3191 temperatus.

1272 3203 1337 3237 51.
1367 3195 1572 3246 Postulat,
1595 3203 1677 3238 etc.
1700 3200 1837 3240 videri
1853 3201 2017 3247 expetit,
2039 3200 2113 3240 hu·

1214 3251 1298 3288 beri
1325 3251 1409 3291 vuit
1425 3253 1600 3290 urbanus
1627 3253 1669 3291 in
1696 3255 1867 3301 amieos,
1892 3255 2047 3298 elegans
2068 3257 2115 3294 et

1214 3304 1391 3343 festivus.

1270 3360 1333 3394 52.
1364 3355 1575 3407 Simplex.
1603 3359 1679 3406 Qui
1704 3359 1871 3398 candide
1898 3359 1994 3404 quid
2016 3367 2109 3398 sen-

1214 3409 1288 3448 tiat
1320 3410 1535 3458 eloquitur,
1572 3415 1613 3450 et
1643 3413 1729 3450 sine
1770 3413 2015 3458 ambagibus.
2052 3415 2113 3442 -·-

1213 3457 1367 3502 Fortis.
1392 3465 1467 3510 Qui
1483 3464 1581 3502 nihil
1600 3465 1729 3504 timet.
