2317 3850
953 98 1179 140 omnum
1219 101 1370 142 muru
1412 105 1448 145 ι.

563 170 758 238 Hunc,
787 179 836 226 si
855 175 1154 230 mobilium
1186 179 1353 232 turba
1370 179 1682 248 Quiritium

563 241 755 297 Certat
783 245 1110 313 tergeminis
1127 247 1325 302 tollere
1354 249 1704 322 honoribu53

561 310 725 366 illum
745 355 759 378 ‚
789 313 837 367 si
869 315 1097 382 proprio
1122 317 1374 374 condidit
1395 321 1594 379 horreo
1718 339 1747 384 4*

313 383 384 442 10

559 382 848 452 Quidquid
875 384 940 439 de
969 385 1172 456 libycis
1200 390 1443 444 verritur
1473 395 1717 451 areis&

560 453 905 509 Gaudentem
934 457 1149 523 patrios
1180 457 1387 514 findere
1417 465 1639 521 sarculo

559 522 774 592 AgrOS‚
801 525 1045 579 attalicis
1071 529 1490 586 conditionibus

508 595 854 674 {Nunquam
879 596 1160 652 dimoveas
1179 639 1193 662 ,

1220 605 1283 666 ut
1313 601 1469 657 trabe
1498 605 1687 674 cypria

556 662 836 732 Myrtoum
867 666 1101 736 pavidus
1131 665 1300 723 nauta
1331 678 1480 727 secet
1506 688 1681 732 mare.

322 736 387 794 ¹5

563 734 890 788 Luctantem
921 732 1109 792 icariis
1133 735 1394 796 fluctibus
1424 742 1677 802 Africum

554 802 830 859 Mercator
855 812 1136 875 metuenS,
1161 810 1341 866 ‘otium
1372 819 1427 868 et
1458 813 1653 884 oppidi

569 873 783 928 Laudat
811 889 942 930 rura
965 878 1090 941 sui:
1122 894 1249 936 mox
1278 881 1450 938 reiicit
1478 893 1626 942 rates

553 943 833 1011 QuassaS,
865 946 1126 1004 indocilis
1153 941 1415 1021 paupe'rie

1503 957 1641 1024 pati.

552 1013 660 1070 Est
683 1016 912 1082 qui—nec
938 1021 1143 1074 veteris
1172 1025 1372 1090 pocula
1398 1040 1451 1080 m.
1489 1027 1657 1096 ssici,

308 1082 378 1144 20

315 1196 444 1256 17²³

625 1157 644 1165 i.-

554 1085 667 1139 Nec
695 1092 908 1154 partem
938 1089 1121 1146 solido
1145 1093 1363 1148 demere
1389 1097 1455 1150 de
1487 1097 1576 1152 die

552 1154 810 1224 Spernit,
841 1171 987 1213 nunc
1010 1161 1179 1218 viridi
1210 1166 1456 1220 membra
1486 1168 1591 1223 sub
1620 1171 1824 1229 arbuto

549 1226 802 1294 StratuS,
829 1241 977 1285 nunc
1001 1231 1069 1286 ad
1091 1248 1251 1302 aquae
1278 1235 1401 1291 lene
1424 1247 1811 1306 caput‹sacrae.

554 1295 767 1352 Multos
791 1305 976 1355 castra
997 1303 1230 1372 juvant,
1264 1313 1315 1362 et
1348 1307 1491 1364 lituo
1525 1311 1669 1367 tubae

548 1366 862 1425 permixtus
889 1375 1112 1430 sonitus
1128 1369 1433 1448 >bellaque
1452 1382 1727 1438 matribus

301 1437 372 1500 25

317 1615 358 1650 ’7.
377 1611 514 1651 Hunc.
536 1615 693 1652 Scilicet
704 1616 832 1660 Juvat.
847 1632 901 1641 —
918 1614 1152 1654 Nobilium.

263 1665 425 1702 Mobiles
438 1667 610 1712 Quirites
629 1667 804 1714 appellat
824 1668 1010 1704 Horatius
1023 1695 1032 1712 ,
1057 1677 1150 1713 pro-

263 1719 353 1762 pter
375 1721 624 1757 comitiorum
643 1721 948 1757 inconstantiam
970 1725 1010 1758 et
1026 1721 1151 1758 varie-

264 1773 408 1817 tatem,
435 1773 654 1818 populique
692 1772 849 1810 romani
885 1773 928 1810 in
959 1773 1154 1817 suffragiis

261 1822 434 1862 terendis
455 1827 669 1863 levitatem.

316 1879 356 1914 8.
377 1875 654 1927 Τενρενηίπίε.
681 1876 930 1922 ‘rer-geminus
963 1877 1070 1922 idem
1095 1881 1156 1914 est

263 1938 311 1967 ac
334 1931 492 1977 triplex.
520 1934 705 1979 Triplices
739 1934 872 1968 autem
901 1932 1073 1968 honores
1095 1932 1154 1969 vel

261 1987 355 2020 sunt
393 1986 564 2021 honores
601 1984 760 2021 maxlml
805 1986 1012 2027 (numerus
1047 1985 1154 2021 enim

264 2038 458 2073 ternarius
475 2036 757 2081 perfectionem
779 2036 836 2072 rei
856 2036 1025 2080 alicujus
1045 2046 1152 2082 saepe

260 2088 496 2133 siguificat),
535 2090 594 2125 vei
636 2093 715 2126 tres
751 2089 921 2125 maxime
956 2089 1126 2132 insignes
1137 2116 1148 2137 ‚

262 2150 404 2186 nempe
425 2141 594 2177 aedilitas
614 2144 756 2189 major,
775 2143 970 2187 praetura,
996 2144 1036 2177 et
1053 2151 1149 2179 con-

259 2193 424 2230 sulatus.

317 2250 354 2283 9.
375 2244 516 2283 Illum.
541 2246 835 2294 ScilicetJuvut.
858 2264 914 2275 ·-
933 2243 1149 2288 Condidit.

259 2299 470 2337 conditum
489 2303 619 2338 servat
631 2329 640 2346 ,
664 2301 855 2346 possidet.

317 2356 334 2389 1
344 2358 382 2391 ο.
405 2350 566 2401 Libycis
581 2352 711 2391 areis.
727 2354 858 2391 Africa
869 2352 976 2390 dicta
989 2363 1150 2401 quoque

260 2406 321 2442 est
339 2408 484 2453 Libya:
509 2407 693 2443 frumenti
715 2407 823 2443 ferax
842 2409 942 2443 erat.
957 2405 1070 2445 Area
1089 2414 1152 2448 est

260 2458 374 2495 locus
391 2460 459 2497 ubi
481 2460 622 2497 teritur
642 2463 682 2496 et
703 2460 871 2495 verritur
893 2460 1147 2501 frumentum.

317 2515 382 2550 11.
410 2508 604 2550 Sarculo.
636 2512 840 2549 sarculum
871 2517 930 2549 est
963 2516 1150 2554 rusticum

259 2564 563 2602 instrumentum
579 2593 588 2609 ,
604 2574 725 2608 genus
743 2566 858 2602 rastri
873 2594 882 2611 ,
901 2576 982 2611 quo
1001 2573 1150 2612 segetes

259 2618 424 2655 novella)
443 2622 673 2663 purgantur,
703 2622 822 2664 utque
841 2620 972 2657 herbae
993 2622 1150 2659 inutiles

258 2671 472 2716 scalpendo
487 2670 702 2708 eliduntur.

316 2728 381 2761 12.
410 2721 606 2760 Attalicis
631 2722 950 2763 conditionibus.
977 2728 1148 2764 Promis-

261 2776 315 2813 sis
347 2776 488 2821 opibus
521 2777 692 2814 attalicis
713 2807 722 2823 ,
765 2779 915 2816 scilicet
954 2780 1148 2818 maximis.

260 2829 350 2867 Fuit
367 2830 520 2866 Attalus
541 2838 609 2867 rex
625 2832 801 2877 Pergami
819 2833 1034 2869 ditissimus
1047 2861 1056 2879 ,
1081 2834 1150 2878 qui

261 2882 452 2927 populum
473 2891 680 2921 romanum
699 2884 794 2922 fecit
815 2885 1013 2923 heredem.

318 2937 382 2971 13.
414 2932 648 2974 Dimoveas.
673 2939 852 2976 Abducas
885 2939 934 2975 ab
965 2946 1060 2981 agro
1084 2948 1152 2984 pe-

261 2988 355 3025 trio.
372 3006 426 3015 —
453 2986 586 3025 Trabc
609 2990 774 3039 cypria.
801 2992 893 3029 Navi
909 3001 930 3027 e
951 2992 1124 3029 trabibus
1139 3021 1150 3039 ,

259 3038 302 3077 lu
323 3040 450 3079 insula
467 3042 596 3089 Cypro
615 3045 733 3081 sectis
745 3073 756 3092 ,
775 3046 882 3081 tacta
893 3058 904 3091 3
930 3044 971 3080 id
991 3048 1073 3092 est,
1090 3055 1152 3084 so-

258 3092 340 3131 lida
360 3104 408 3132 ac
426 3096 634 3133 tutissima.

317 3146 609 3197 1¹·Myrtoum.
637 3153 705 3187 Est
726 3158 820 3197 pars
848 3148 965 3193 AEgaei
991 3151 1110 3188 maris
1137 3162 1148 3186 t

261 3208 406 3239 nomen
431 3202 469 3239 ei
490 3202 636 3241 tactum
667 3203 718 3240 ab
745 3202 872 3240 insula
897 3206 1025 3249 Myrto
1049 3215 1059 3238 ε
1084 3205 1150 3242 elii

259 3253 396 3291 volunt
409 3263 433 3292 a
445 3258 598 3301 myrtoo
612 3284 622 3303 ,
649 3256 868 3293 OEnomani
881 3283 890 3301 ,
911 3257 1010 3299 regis
1029 3258 1148 3295 Arca-

547 1437 854 1538 Detestataqt.
881 1440 1072 1500 Manet
1096 1448 1202 1501 sub
1221 1448 1347 1514 jove
1369 1449 1579 1520 frigido

1212 1621 1331 1660 AEgaei
1352 1623 1473 1655 maris
1487 1646 1497 1662 ,
1520 1621 1620 1656 inter
1636 1622 1793 1658 Cretam
1810 1624 1850 1657 et
1867 1626 2031 1662 Icariam
2044 1631 2107 1668 in-

1211 1669 1339 1714 sulas,
1369 1672 1421 1707 ab
1440 1673 1515 1708 hac
1548 1673 1606 1707 sic
1632 1671 1763 1718 dicta5
1799 1672 1869 1708 alii
1892 1675 2029 1712 volunt
2056 1683 2111 1718 ab

1210 1723 1325 1757 Icaro
1340 1750 1349 1767 ‚
1373 1723 1523 1759 Daedali
1555 1723 1635 1759 illio
1649 1750 1658 1767 ‚
1694 1725 1785 1768 qui,
1818 1725 1959 1763 solutis
1978 1738 2002 1767 a
2019 1733 2109 1772 ⁸010

1211 1775 1349 1817 pennis
1364 1801 1373 1817 ‚
1395 1775 1434 1810 in
1448 1783 1535 1815 eam
1554 1774 1745 1813 decidisse
1762 1777 1901 1815 fertur.
1915 1798 1971 1807 -
1985 1781 2104 1833 Afri-

1209 1833 1321 1862 cum.
1358 1827 1633 1864 vehementior
1672 1833 1732 1865 est
1773 1840 1819 1868 uc
1858 1836 2108 1878 procellosus

1210 1882 1348 1915 ventus
1370 1879 1467 1915 nans
1484 1881 1533 1916 ab
1549 1880 1681 1918 Africa
1694 1885 1739 1920 et
1756 1893 1901 1922 occasu
1919 1887 2102 1932 hiberno.

1268 1944 1333 1977 18.
1362 1939 1563 1978 Indocilis
1577 1942 1691 1991 pati.
1716 1948 1790 1992 Qui
1813 1948 1930 1985 nullis
1948 1954 2105 1995 pericu·

1207 1992 1256 2028 lis
1286 2002 1331 2030 ac
1368 1997 1670 2039 tempestatibus
1702 2000 1837 2037 doceri
1869 2007 2021 2049 potest,
2059 2012 2108 2045 ut

1208 2046 1383 2089 patietur
1394 2052 1670 2093 paupertatem
1683 2078 1693 2097 ‚
1710 2054 1751 2087 et
1766 2056 1903 2089 careat
1918 2054 2029 2093 lucro
2048 2058 2097 2094 li-

1207 2101 1271 2135 cet
1290 2100 1533 2145 periculoso.

1264 2166 1330 2199 19.
1359 2161 1431 2201 Est
1446 2164 1522 2213 qui
1537 2175 1613 2205 nec
1636 2164 1821 2215 spernit,
1843 2170 1923 2205 etc.
1945 2170 2028 2205 Hoc
2040 2174 2105 2209 est

1207 2224 1288 2253 uon
1312 2223 1469 2256 recusat
1493 2224 1647 2265 partem
1672 2222 1849 2266 aliquam
1871 2221 1921 2257 de
1946 2221 2096 2271 solido,

1206 2270 1247 2307 id
1270 2274 1352 2315 est,
1380 2272 1531 2318 integro
1551 2275 1613 2311 die
1645 2284 1843 2319 resecare,
1873 2283 1993 2319 quum
2022 2277 2100 2312 sel-

1207 2323 1301 2361 licet
1334 2328 1464 2370 epulis
1498 2329 1659 2365 tribunt.
1694 2346 1748 2355 —-
1775 2325 1964 2364 Massici.
1998 2331 2098 2367 uas-

1205 2377 1310 2413 sicus
1336 2387 1450 2415 mons
1474 2384 1534 2417 est
1558 2382 1599 2417 in
1632 2382 1848 2425 campanis
1866 2408 1875 2422 .
1909 2381 1977 2417 ubi
2002 2382 2101 2420 vites

1208 2431 1385 2475 optimae.

1261 2494 1327 2527 21.
1358 2488 1497 2527 Vir-idi
1520 2488 1593 2527 sub
1629 2488 1797 2529 arbuto.
1830 2492 1911 2529 sub
1952 2494 2095 2531 arbuto

1204 2552 1361 2579 amoena
1380 2546 1421 2579 et
1447 2545 1632 2581 conviviis
1654 2544 1815 2582 idonea,
1838 2562 1889 2573 -—-
1909 2542 2099 2586 Membra

1206 2598 1380 2685 stratam.
1396 2596 1551 2634 Phrasis
1576 2605 1705 2642 greca
1722 2608 1732 2632 z
1754 2598 1903 2636 habens
1918 2602 2097 2639 membra

1208 2652 1289 2684 stra
1338 2676 1348 2685 .

1260 2713 1327 2746 22.
1354 2706 1510 2757 Caput.
1528 2713 1653 2758 Aquae
1675 2716 1860 2759 caputet
1880 2714 1992 2758 origo
2006 2743 2015 2760 ‚
2036 2718 2100 2752 est

1204 2761 1291 2807 ipse
1306 2762 1395 2799 fons
1414 2774 1425 2798 :
1446 2766 1548 2801 sacri
1566 2769 1699 2803 nutem
1714 2768 1828 2803 erent
1844 2766 1974 2805 fontes
1988 2770 2097 2813 apud

1206 2816 1489 2860 antiquoffiet
1513 2821 1659 2856 humen
1690 2820 1855 2865 aliquod
1887 2820 1935 2857 iis
1969 2822 2093 2861 inesse

1205 2870 1435 2913 putabatur.

1262 2934 1325 2968 23.
1354 2930 1524 2977 Multos,
1547 2936 1628 2972 etc.
1642 2936 1772 2973 uultis
1788 2936 1937 2973 bellum
1946 2935 2093 2981 placet.

1206 2998 1261 3010 -—
1276 2980 1414 3022 Lituo.
1441 2988 1592 3033 Limus,
1607 2989 1775 3025 buccina
1794 2986 1949 3037 longior
1972 2992 2013 3026 et
2034 2990 2093 3027 in-

1206 3046 1322 3075 curva
1338 3066 1347 3083 ,
1389 3049 1530 3077 sonum
1574 3042 1792 3077 acutiorem
1835 3040 1977 3084 edens,
2022 3042 2099 3081 fuit

1206 3091 1404 3137 equitum;
1439 3094 1535 3130 tuba
1572 3096 1705 3130 autem
1739 3093 1892 3129 directa
1923 3094 1966 3129 et
1996 3090 2095 3131 sono

1205 3146 1333 3191 gravi,
1358 3146 1551 3190 peditum.

1260 3210 1327 3244 25.
1354 3204 1589 3244 Detestata.
1615 3205 1765 3242 Passive
1794 3217 1803 3240 :
1830 3214 1919 3250 qum
1951 3206 2095 3242 matres

1204 3258 1463 3297 detestantur.
1480 3278 1527 3285 —
1540 3256 1697 3295 Manet.
1718 3261 1940 3296 pernoctat.
1956 3275 2001 3284 -
2014 3254 2095 3294 Sub

260 3304 360 3353 dite,
385 3308 543 3355 auriga,
563 3308 758 3353 quemme
778 3310 817 3347 in
835 3311 911 3347 hoc
929 3318 1038 3347 mare
1052 3318 1152 3357 prae-
1194 3311 1313 3359 jove.
1342 3312 1421 3349 sub
1440 3321 1531 3348 aere
1547 3310 1687 3354 trigido
1708 3324 1717 3347 :
1744 3313 1817 3348 sub
1840 3312 1923 3349 dio.
1941 3310 2095 3353 Jupiter

259 3358 421 3403 cipitem
438 3360 598 3406 dejecit.

317 3414 381 3451 15.
409 3409 580 3451 Icariis.
617 3416 720 3453 Mare
755 3414 924 3454 Icarium
961 3419 1022 3456 est
1053 3424 1147 3463 pers

471 3484 518 3533 1.

1204 3364 1311 3409 apud
1332 3366 1471 3409 poetas
1492 3364 1661 3401 sumitur
1678 3373 1751 3411 pro
1774 3366 1874 3403 coelo
1889 3392 1899 3411 ,
1925 3372 2033 3411 aere,
2054 3364 2096 3399 et

1204 3419 1335 3455 vento.
