2317 3850
1006 79 1220 157 eropon
1257 81 1438 135 tinen.

2030 62 2142 143 1‘53'

608 233 616 238 ,
696 161 892 224 -Velut
915 165 1166 236 profugit
1187 172 1468 224 exsecrata
1494 167 1691 240 civitas

512 236 722 310 AgroS,
758 241 927 306 atque
954 237 1102 292 lares
1129 237 1376 307 patrioS,
1406 239 1817 308 habitandaque
1845 239 1978 296 fana

328 303 403 366 20

719 305 891 377 Apris
920 307 1180 378 reliquit,
1206 315 1264 365 et
1293 311 1588 378 rapacibus
1615 311 1788 379 lupis,

506 377 619 445 Ire,
646 377 815 448 pedes
838 391 1193 447 quocumque
1218 379 1419 444 serent,
1445 394 1796 450 quocumque
1827 395 1926 450 per
1952 379 2131 439 undas

724 449 907 504 Notus
931 448 1184 518 vocabit,
1211 455 1310 506 aut
1336 458 1631 519 protervus
1658 450 1902 507 AfricuS.

508 517 605 578 Sic
624 517 805 590 placet
820 523 846 572 Ρ
872 532 940 574 an
969 519 1170 576 melius
1197 521 1330 591 quis
1351 523 1518 578 habet
1543 520 1815 578 suadere?
1839 521 2100 580 Secunda⁴

724 588 919 645 Ratem
949 604 1220 660 occupare
1242 592 1378 662 quid
1409 606 1688 649 moramur
1715 593 1848 648 alite
1865 595 1891 647 Ρ

331 659 404 724 25

507 658 618 718 Sed
639 659 891 732 juremus
919 659 976 716 in
1005 662 1121 718 baec
1142 683 1157 718 z
1181 662 1350 718 simul
1381 664 1510 718 imis
1539 675 1668 718 saxa
1697 662 1946 719 renarint

722 730 897 787 Vadis
928 733 1138 799 levata,
1171 746 1240 788 ne
1270 734 1450 790 redire
1475 734 1552 789 sit
1578 733 1761 797 nefas;

510 801 635 859 Neu
662 814 927 858 conversa
951 802 1174 859 domum
1204 803 1390 875 pigeat
1417 806 1548 860 dare
1575 805 1778 873 lintea,
1802 803 2024 874 quando

724 872 910 928 Padus
933 873 1140 930 matina
1167 875 1366 932 laverit
1387 877 1702 940 cacumina3

511 941 579 998 In
608 954 758 997 mare
785 957 884 998 seu
912 945 1095 1000 celsus
1118 947 1459 1015 procurrerit
1484 947 1845 1017 Apenninus,

724 1013 987 1084 Novaque
1017 1021 1270 1072 monstra
1288 1019 1537 1087 junxerit
1561 1017 1796 1073 libidine

511 1079 697 1140 Mirus
720 1097 903 1149 amor3
930 1084 1084 1154 juvet
1107 1094 1172 1142 ut
1199 1088 1372 1158 tigres
1403 1088 1693 1143 subsidere
1713 1087 1926 1156 cervis,

726 1153 1087 1212 Adulteretur
1112 1162 1170 1213 et
1195 1159 1451 1215 columba
1480 1158 1700 1221 milvioz

510 1221 754 1282 Credula
779 1237 882 1281 nec
904 1224 1087 1282 fulvos
1116 1229 1350 1285 timeant
1369 1236 1618 1284 armenta
1637 1229 1869 1297 leones3

723 1293 995 1366 Ametque
1018 1298 1166 1354 salsa
1195 1299 1350 1355 iaevis
1377 1300 1568 1354 hircus
1596 1312 1840 1367 aequora.

320 1365 404 1428 35

513 1363 674 1433 Haec,
704 1371 761 1421 et
784 1381 908 1436 quae
939 1373 1204 1436 poterunt
1235 1371 1450 1426 reditus
1473 1369 1799 1425 abscindere
1821 1367 2044 1438 dulceri,

728 1435 941 1493 Eamus
970 1439 1155 1495 omnis
1185 1447 1468 1496 exsecrata
1493 1440 1722 1506 civitae,

513 1504 629 1563 Aut
654 1519 787 1577 pars
811 1508 1041 1563 indocili
1069 1509 1264 1567 melior
1292 1525 1458 1582 grege
1489 1530 1503 1566 :
1542 1510 1732 1567 mollis
1757 1515 1814 1566 et
1839 1522 2040 1580 exspes

727 1579 1042 1634 inominata
1078 1583 1381 1650 perprimat
1410 1582 1638 1638 cubilia.

328 1715 410 1777 40

510 1645 660 1715 voe,
691 1649 899 1718 quibus
927 1655 1013 1706 est
1035 1652 1245 1720 virtue,
1278 1652 1601 1708 muliebrem
1631 1651 1814 1709 tollite
1841 1651 2084 1724 luctum,

730 1717 967 1776 Etrusca
996 1729 1198 1791 praeter
1221 1729 1276 1779 et
1298 1723 1479 1780 volate
1505 1723 1718 1780 littora.

514 1788 633 1846 Nos
660 1795 847 1846 manet
870 1790 1126 1851 Oceanus
1161 1793 1578 1866 circumvagus3
1607 1809 1768 1863 arva,
1796 1793 1958 1851 beata

354 1982 423 2019 18.
452 1975 708 2016 exsecrata.
735 1976 839 2013 Diris
854 1976 1190 2014 exsecrationibus

296 2035 343 2072 et
374 2031 723 2077 imprecationibus
756 2038 860 2073 ωας
893 2029 975 2075 vei,
1008 2029 1111 2067 iares
1149 2032 1194 2067 et

299 2094 419 2130 agros
448 2093 543 2121 suos
568 2085 765 2122 detestata
784 2109 796 2129 ,
836 2082 933 2121 diris
965 2082 1157 2121 devovens
1177 2109 1188 2129 ,

300 2136 493 2186 profugit.

358 2195 424 2229 19.
460 2188 596 2228 Fano.
640 2189 804 2235 ‘templa
836 2201 847 2226 ε
878 2196 928 2225 ea
962 2186 1138 2225 deseruit
1167 2195 1194 2226 a

302 2244 397 2283 ieris
411 2243 639 2282 incolenda.
1094 2278 1099 2281 .

356 2301 424 2336 ai.
454 2295 549 2342 Ire,
565 2294 717 2346 peden,
748 2298 831 2333 ecc.
860 2292 1074 2331 Praevaleat
1106 2292 1195 2330 iiaec

303 2350 497 2390 sententia
510 2376 519 2393 ,
542 2357 680 2394 nempe
701 2349 757 2385 ire
770 2376 780 2394 ,
800 2351 880 2385 etc.

356 2407 424 2441 28.
452 2400 659 2441 Suadere.
687 2400 803 2447 Quod
830 2400 1011 2438 suadeat.
1042 2417 1092 2427 —
1118 2395 1192 2438 Se-

302 2455 445 2497 cunda
468 2453 589 2493 alite.
625 2456 741 2493 Bonis
766 2454 980 2492 ominibus.

359 2513 427 2547 25.
458 2506 505 2546 In
542 2505 653 2555 hac,
682 2511 764 2545 etc.
795 2510 840 2544 ln
860 2508 945 2543 haec
970 2506 1102 2544 verba.
1134 2508 1196 2548 ita

300 2562 571 2610 juramentum
602 2560 869 2606 concipiamus
900 2570 911 2595 z
940 2560 1125 2597 nimirum
1146 2568 1197 2597 ne

304 2616 359 2654 sit
377 2614 491 2653 naias
514 2614 643 2653 redire
656 2641 668 2659 ,
692 2614 771 2652 boc
788 2615 871 2659 est,
889 2614 974 2651 vela
1000 2613 1130 2650 tacere
1148 2622 1197 2651 ao

306 2667 346 2705 in
362 2668 533 2715 patriam
562 2666 728 2713 revera,
754 2667 872 2705 simul
894 2674 941 2703 ac
956 2674 1051 2704 saxa
1068 2693 1079 2711 ‚
1103 2674 1195 2711 quae

304 2726 397 2759 sunt
417 2723 499 2760 imo
518 2722 558 2759 in
576 2720 703 2766 mari,
740 2721 985 2766 renuerint,
1021 2728 1192 2757 emerse-

307 2774 406 2822 rint,
431 2775 521 2812 imis
547 2774 676 2819 vadis,
701 2772 741 2809 id
768 2774 852 2817 est,
874 2773 1071 2810 fluctibus.

360 2832 427 2868 28.
466 2825 625 2865 Padus.
666 2826 789 2865 italio
826 2826 965 2863 fluvius
1006 2838 1017 2862 ε
1050 2823 1089 2863 le
1116 2820 1193 2864 Pa.

1295 1980 1363 2016 88.
1391 1974 1594 2017 Credula.
1625 1979 1791 2025 Quando
1819 1980 2000 2016 armenta
2031 1977 2137 2015 adeo

1240 2028 1388 2069 fuerint
1415 2030 1578 2069 credula
1594 2060 1605 2078 ‚
1631 2034 1772 2069 utnon
1797 2031 1962 2069 timeant
1981 2030 2134 2067 icones.

1297 2086 1362 2120 810.
1391 2080 1526 2121 Loevis
1541 2110 1551 2129 ,
1581 2088 1664 2122 etc.
1695 2086 1782 2121 Sine
1803 2084 1890 2130 pilis
1909 2084 1962 2120 sit
1983 2084 2132 2128 hircus,

1242 2136 1312 2181 qul
1331 2139 1474 2175 natura
1502 2137 1654 2181 pilosus
1672 2140 1713 2173 et
1729 2137 1903 2173 hirsutus
1925 2137 2000 2173 est.

1299 2191 1366 2225 35.
1406 2187 1507 2226 Hoec
1531 2215 1542 2234 ‚
1571 2192 1615 2225 et
1648 2197 1740 2235 quae
1767 2215 1777 2234 ,
1825 2192 1907 2225 ecc.
1949 2190 2094 2227 Eamus
2118 2212 2134 2233 ,

1244 2241 1372 2276 omnis
1401 2242 1564 2283 civitas,
1595 2249 1734 2278 omnes
1767 2240 1891 2284 cives,
1920 2244 2135 2285 postquam

1243 2292 1495 2329 adhibuimus
1515 2294 1612 2330 istas
1634 2292 1819 2339 jurandi,
1843 2296 1885 2329 et
1905 2291 2137 2329 exsecrandi

1243 2345 1418 2381 reditum
1431 2374 1442 2392 ,
1462 2346 1669 2390 formulas,
1690 2346 1865 2391 aliasque
1886 2344 2136 2392 consimiles,

1245 2405 1337 2443 quai
1365 2408 1436 2435 nos
1457 2407 1481 2435 a
1503 2398 1704 2436 redeundo
1734 2398 1974 2436 deterreant.

1302 2452 1368 2487 37.
1396 2449 1480 2488 Aut
1513 2460 1638 2501 pars,
1685 2453 1765 2488 etc.
1803 2450 1937 2488 omnis
1972 2450 2136 2497 civitas,

1246 2506 1318 2539 aut
1347 2511 1441 2549 pars
1469 2504 1556 2550 ejus
1590 2504 1730 2541 saltem
1758 2503 1893 2540 sanior
1907 2505 1951 2540 et
1967 2502 2134 2549 melior,

1247 2556 1544 2601 consultiorque
1593 2554 1757 2593 indocili
1798 2562 1936 2601 grege,
1971 2554 2014 2593 id
2045 2556 2138 2603 est,

1245 2609 1361 2655 vulgo
1380 2612 1421 2646 et
1438 2610 1644 2654 plebecula
1657 2636 1668 2655 ,
1701 2616 1792 2654 (ωε
1807 2634 1819 2654 ,
1845 2608 1970 2646 instar
1989 2607 2140 2653 stupidi

1247 2663 1374 2707 gregis
1386 2689 1398 2709 ‚
1419 2663 1577 2700 *ratione
1599 2661 1690 2700 duel
1707 2663 1860 2707 nequit.
1888 2679 1944 2690 —
1973 2658 2138 2707 Mollia,

1249 2719 1330 2754 etc.
1359 2718 1410 2754 At
1430 2725 1520 2762 (ωε
1555 2725 1648 2763 pars
1676 2718 1738 2753 est
1762 2716 1917 2761 mollis,
1941 2714 2136 2761 delicata,

1247 2777 1338 2814 quoe
1359 2780 1437 2808 non
1461 2771 1633 2816 tangitur
1651 2779 1720 2817 spe
1739 2770 1912 2808 tortunoe
1934 2769 2110 2806 melioris
2125 2795 2140 2816 ‚

1245 2828 1406 2861 maneat
1428 2824 1470 2863 in
1486 2825 1609 2871 urbe,
1634 2824 1705 2863 ubi
1733 2824 1862 2863 otiose
1879 2824 1922 2861 iu
1943 2822 2144 2861 cubilibus

310 2873 493 2919 Uatinius
510 2884 571 2917 est
582 2888 697 2917 mous
712 2878 919 2917 Calabriae.
940 2878 1043 2916 Fieri
1062 2882 1196 2915 autem
1242 2876 1393 2923 jaceat.

308 2935 465 2979 nequit,
500 2936 549 2971 ut
575 2934 703 2972 Padus
728 2928 857 2979 'supra
878 2932 991 2968 illum
1020 2935 1197 2970 montem

304 2988 530 3027 attollatur.

359 3043 427 3079 2⁹.
470 3036 726 3089 Apenninus.
771 3041 883 3078 nous
926 3045 999 3083 per
1042 3036 1198 3075 italiam

304 3092 480 3133 mediam
499 3102 523 3131 a
536 3092 803 3139 septentrione
822 3093 862 3129 in
876 3090 1079 3127 meridiem
1100 3098 1193 3135 por·

306 3149 465 3193 rectus;
486 3150 607 3192 atque
624 3145 725 3184 adeo
743 3145 834 3183 binc
851 3145 941 3182 inde
956 3152 982 3181 ει
997 3142 1098 3181 mari
1116 3143 1196 3179 dis-

300 3200 591 3249 junctissimus.

364 3255 430 3291 80.
470 3250 669 3300 Novoque
688 3278 698 3295 ,
729 3253 811 3289 ete.
846 3252 897 3289 Et
930 3258 1043 3286 amor
1076 3249 1201 3286 mirus

303 3303 484 3351 iunxerit
508 3314 611 3343 nova
628 3307 670 3342 et
695 3304 873 3341 inaudita
894 3302 1056 3341 libidine
1085 3311 1196 3339 mon-

306 3360 393 3396 stra
417 3386 428 3404 ,
460 3358 503 3396 id
531 3361 617 3403 est,
661 3357 767 3393 ieras
801 3355 969 3401 disparis
1012 3356 1166 3401 generis
1184 3381 1197 3403 ‚

310 3410 431 3457 tiu-es
450 3412 599 3458 cervis,
622 3410 829 3448 columbas
856 3408 1012 3447 milriis.

1303 2932 1370 2967 88.
1408 2928 1665 2968 [nominata.
1718 2930 1897 2968 Infausta
1920 2956 1932 2976 ,
1961 2927 2136 2975 inauspi-

1247 2985 1353 3020 cata.
1374 3002 1430 3012 —
1445 2982 1706 3033 Perprimat.
1735 2984 1780 3021 ld
1802 2986 1888 3030 est,
1919 2982 2030 3023 valde
2049 2989 2136 3027 pre·

1247 3037 1371 3126 matti).
1401 3086 1599 3127 Etrusca.
1626 3089 1782 3127 Etruria
1799 3089 1861 3125 est
1881 3093 1974 3131 pars
1989 3085 2136 3134 ltalioe,

1248 3140 1290 3177 in
1307 3141 1439 3178 medio
1457 3169 1466 3185 ‚
1485 3143 1537 3179 ad
1556 3152 1663 3179 mare
1681 3140 1926 3187 tyrrhenum.
1941 3156 1996 3165 —
2021 3136 2137 3177 Prae-

1250 3196 1316 3229 ter
1331 3196 1371 3230 et
1397 3192 1532 3232 volate
1552 3193 1715 3231 littora.
1744 3191 1870 3229 Celeri
1889 3200 2008 3228 cursu
2029 3200 2140 3230 mare

1251 3248 1479 3291 tyri-benum
1519 3246 1727 3284 transvecti
1767 3247 1966 3282 Oceanum
2007 3252 2140 3283 versus

1249 3299 1444 3361 narigate.
1471 3297 1621 3337 Velare
1638 3298 1688 3335 de
1705 3298 1824 3336 celeri
1842 3298 2002 3336 navium
2021 3305 2140 3339 eursu

1249 3352 1556 3445 dmgfflr‘flavoet.
1583 3405 1808 3451 Exspectat.

1953 3471 2006 3519 7.
