2317 3850
213 43 292 90 ΧΠ
823 53 890 96 1>ss
915 53 1117 100 METMS
1148 57 1493 104 autumnis.

281 139 400 188 xlv.
441 139 547 192 Ode
575 141 772 196 dicolos
795 146 1120 212 distrophos,
1156 152 1213 204 in
1252 166 1356 217 qua
1388 157 1585 219 primus
1620 159 1842 225 quisque
1868 179 2053 220 versus

215 213 456 266 heroicus
491 215 808 279 hexameter,
849 224 1112 275 secundus
1131 239 1258 277 vero
1276 229 1615 283 archilocths
1644 235 1944 290 hexameter
1968 242 2057 306 hy·

215 291 587 361 percatalectus
601 331 614 350 ‚
637 301 878 346 constans
902 299 934 349 4
951 299 1165 359 iambis,
1189 301 1221 352 2
1243 301 1457 370 dactylis
1472 345 1485 364 ‚
1508 313 1564 358 et
1593 321 1696 360 una
1715 312 1931 374 syllaba.
1954 317 2049 368 Ta·

215 363 278 414 lis
308 371 390 416 est
415 365 500 418 od.
533 365 594 418 10
621 368 714 420 lib.
747 371 909 435 Epod.

280 527 491 578 Horrida
517 525 532 596 Ι
557 531 743 592 tempes
770 528 782 596 Ι
809 535 885 580 tais
901 546 975 581 σω
1001 531 1015 596 Ι
1041 533 1146 584 lum
1163 539 1258 586 con
1287 538 1299 600 Ι
1325 541 1472 588 traxit
1489 541 1538 589 et
1564 539 1575 605 Ι
1603 542 1780 595 imbres
1806 543 1817 609 Ι

277 605 422 656 Nives
447 602 461 669 Ι
487 607 585 666 que
611 607 674 658 de
699 607 712 671 Ι
738 607 928 659 ducunt
952 607 966 675 1
991 611 1161 666 levem
1188 611 1201 679 Ι
1228 617 1359 666 nunc
1389 617 1527 665 mare
1552 613 1565 683 Ι
1591 621 1724 668 nunc
1750 619 1885 672 suuae
1912 623 1923 689 Ι

285 760 499 823 Quidam
525 763 658 825 hanc
681 765 817 822 oden
835 767 1030 821 faciunt
1050 773 1269 825 tricolon
1300 777 1618 842 tristrophon
1631 819 1643 838 ‚
1671 787 1725 833 et
1762 785 2049 838 secundum

216 849 426 889 versum
452 837 506 888 in
529 838 661 892 duos
683 848 860 894 secant
877 881 892 904 ,
917 857 1142 908 quorum
1161 847 1359 911 primus
1388 857 1467 902 est
1492 853 1742 906 iambicus
1762 856 2000 909 dimeter.

409 978 554 1028 Nives
579 975 592 1044 Ι
617 979 717 1040 que
741 980 804 1030 de
829 978 843 1048 1
869 981 1058 1033 dficfint
1081 983 1098 1051 Ι
1122 987 1291 1038 Ιὸνόιιι
1316 987 1331 1056 Ι

250 1172 262 1184 .
283 1095 424 1150 Alter
460 1104 542 1150 est
575 1098 859 1166 dactylicus
891 1105 1264 1172 archilochius,
1304 1111 1370 1164 de
1404 1127 1511 1179 quo
1542 1114 1736 1170 dictum
1763 1119 1833 1171 in·
1851 1120 2048 1177 duode-

215 1185 351 1224 cnno
377 1186 586 1238 genere.

408 1310 550 1362 Nunc
576 1315 714 1366 mare
739 1313 753 1382 Ι
779 1319 912 1368 minc
942 1317 1039 1370 sihi
1065 1315 1078 1387 Ι
1103 1336 1145 1371 oe
1170 1319 1187 1389 Ι

289 1469 416 1522 Huic
437 1470 587 1522 affine
615 1477 696 1522 est
731 1473 938 1536 generis
969 1475 1136 1534 alind,
1178 1477 1229 1528 in
1264 1493 1371 1545 quo
1400 1480 1681 1544 dactylicus
1710 1484 2053 1542 archilochius

222 1544 537 1607 praeponitur
573 1545 794 1596 iambico
829 1546 1076 1608 dimetro,
1115 1557 1172 1602 et
1211 1554 1265 1603 in
1302 1555 1467 1617 primo
1508 1555 1625 1605 loco
1647 1591 1660 1612 ,
1705 1568 1800 1618 pro
1842 1558 2053 1612 heroico

217 1619 520 1671 hexametro
534 1657 548 1678 ,
578 1621 788 1684 ponitur
809 1623 1059 1677 iambicus
1075 1627 1329 1679 trimeter.

385 1767 518 1818 Petit
542 1765 558 1833 Ι
582 1769 704 1818 nihil
732 1767 850 1835 lame
876 1776 946 1824 sic
971 1775 983 1839 Ι
1037 1747 1186 1826 ut'an
1212 1774 1227 1840 Ι
1252 1777 1331 1826 tea
1356 1774 1371 1841 1
1392 1775 1535 1840 juvat
1558 1775 1573 1845 1

451 1845 671 1896 Scribere
696 1845 709 1914 Ι
735 1852 921 1904 vei-sicu
947 1851 961 1919 Ι
986 1851 1060 1904 los
1085 1851 1100 1919 Ι

511 1936 636 1988 Amo
661 1936 676 2004 Ι
701 1940 756 1991 re
781 1942 870 2004 per
896 1944 907 2006 Ι
934 1943 1130 1993 οιὶΙεῦιιι
1153 1941 1169 2008 Ι
1192 1944 1333 2006 gravi
1357 1942 1373 2011 Ι

293 2074 349 2126 ln
384 2088 490 2140 quo
516 2088 740 2141 genere,
773 2076 985 2142 qnidam
1014 2076 1145 2129 duos
1183 2079 1302 2131 illos
1328 2093 1509 2133 versus
1528 2079 1583 2131 in
1605 2092 1769 2143 unum
1794 2082 2018 2140 conflant
2034 2120 2049 2140 ,

225 2148 324 2201 hoc
351 2150 506 2203 modo
536 2166 550 2201 ε

289 2288 506 2341 Scribere
531 2287 544 2357 Ι
569 2292 755 2341 version
781 2289 796 2357 Ι
821 2290 894 2343 los
920 2290 935 2359 1
961 2294 1074 2345 amo
1099 2293 1113 2362 Ι
1139 2298 1195 2349 τέ
1219 2300 1307 2361 per
1330 2296 1346 2365 Ι
1370 2299 1561 2352 celsum
1589 2300 1601 2364 1
1626 2302 1768 2363 gravi
1792 2298 1805 2363 Ι

291 2438 384 2489 XV.
409 2437 517 2490 Ode
541 2438 736 2491 dicolos
764 2440 1085 2507 distrophos‚
1115 2448 1265 2509 cuius
1298 2446 1494 2509 primus
1528 2417 1753 2505 quisque
1778 2453 1957 2493 versus
1979 2452 2063 2495 est

224 2510 466 2565 heroicus
483 2554 496 2574 ,
522 2516 784 2567 secundus
803 2529 930 2569 vero
949 2518 1217 2572 iambicus.
1240 2520 1374 2569 Talis
1398 2523 1478 2568 est
1498 2516 1598 2565 ode
1626 2516 1683 2565 11
1718 2515 1810 2567 lib.
1841 2511 2003 2583 Epod.

290 2654 456 2707 Altera
483 2655 494 2720 Ι
515 2654 623 2719 jam
649 2657 740 2705 tert
765 2654 780 2718 Ι
807 2660 892 2705 tur
915 2654 994 2705 bel
1020 2654 1036 2719 Ι
1060 2655 1122 2703 lis
1137 2656 1189 2703 ci
1215 2652 1226 2717 Ι
1252 2653 1429 2703 vilibus
1456 2651 1467 2715 Ι
1494 2654 1645 2708 aetzisz
1672 2653 1689 2721 Ι

292 2734 404 2785 Sitis
431 2734 442 2796 Ι
468 2736 520 2785 et
545 2738 596 2798 ip
623 2733 636 2802 Ι
662 2736 714 2785 sa
742 2735 919 2783 Roma
944 2734 994 2783 vi·
1019 2730 1032 2797 Ι
1058 2734 1194 2781 ribus
1220 2731 1232 2795 Ι
1257 2728 1401 2795 ruit}

294 2878 540 2931 Ultimum
562 2891 726 2943 genus
753 2879 832 2926 est
856 2885 1034 2925 earum
1073 2874 1126 2925 in
1151 2874 1343 2938 quihus
1368 2884 1493 2931 sunt
1514 2892 1691 2935 omnes
1722 2896 1905 2935 versus
1933 2881 2062 2932 iam·

227 2952 332 3005 bici
358 2954 598 3007 trimetri.
624 2951 756 3003 Talis
776 2954 858 3001 est
873 2947 974 2999 ode
995 2948 1056 2998 17
1079 2948 1171 3000 lib.
1195 2950 1353 3015 Epod.
1380 2952 1587 3017 Jamjam
1604 2958 1789 3019 efficaci
1802 2997 1815 3015 ‚
1846 2962 1941 3009 etc.

1018 3163 1271 3190 *fi*-
