2317 3850
886 9 1192 54 summum
1232 11 1388 54 LIBER
1426 12 1467 54 1.

2003 0 2108 61 175

399 91 547 149 Hinc
572 89 758 148 omnis
784 85 985 159 pendet
1014 87 1272 144 Lucilius
1295 127 1314 155 ,
1340 87 1510 144 hosce
1539 93 1793 157 secutuS,

395 162 637 220 Mutatis
664 161 881 216 tantum
908 157 1147 230 pedihus
1173 159 1538 230 numerisque
1554 179 1568 225 ;
1591 158 1832 230 facetuS,

397 234 690 292 Emunctae
716 229 870 286 naris
888 271 903 296 ,
934 229 1113 287 durus
1131 241 1462 301 componere
1489 243 1725 288 versus:

399 307 542 362 Nam
568 301 677 358 fuit
702 301 808 358 hoc
832 300 1107 369 vitiosus3
1137 299 1197 356 in
1224 300 1364 359 hora
1391 314 1537 372 saepe
1565 300 1868 368 ducentoS,

290 377 365 439 10
396 377 477 434 Ut
501 386 758 446 magnum
784 414 803 440 ,
831 385 1029 428 versus
1056 370 1339 440 dictabat,
1371 377 1530 428 stans
1556 371 1693 443 pede
1721 373 1780 429 in
1808 385 1944 430 uno.

398 447 586 516 Quum
613 445 810 500 flueret
838 443 1157 500 lutulentus
1176 484 1192 511 ,

1224 447 1345 499 erat
1370 443 1522 511 quod
1549 444 1748 502 tollere
1773 444 1979 501 velles:

401 515 710 580 GarruluS,
744 519 911 584 atque
940 514 1098 586 piger
1134 514 1417 570 scribendi
1441 512 1586 572 ferre
1609 514 1854 571 laborem
1875 555 1890 580 ,

403 587 696 645 scribendi
728 595 903 654 recte3
926 599 1053 643 nam
1078 589 1144 641 ut
1171 585 1445 653 multum,
1477 585 1557 642 nil
1589 599 1796 642 moror.
1827 584 1969 642 Ecce

408 657 706 729 Crispinus
731 657 961 714 minimo
983 669 1070 714 me
1092 659 1357 727 provocat
1379 672 1395 712 ε
1424 678 1446 704 ι
1466 656 1699 728 Accipe,
1733 657 1782 713 si
1809 657 1922 726 viS,

309 732 372 791 15
402 727 606 799 Accipe
630 729 745 798 jam
774 727 1029 785 tabulas:
1054 725 1218 787 detur
1243 727 1409 785 nobis
1438 727 1628 796 locuS,
1657 727 1792 786 hora
1813 771 1827 796 ,

402 799 707 863 Custodes;
739 799 1029 856 videamus
1061 803 1186 857 uter
1212 799 1344 870 plus
1375 798 1624 857 scribere
1654 799 1855 869 possit.
1877 821 1900 848 ι

474 871 544 926 Di
569 871 707 926 bene
735 868 1011 938 fecerunt,
1041 869 1232 940 inopis
1257 883 1343 926 me
1370 869 1632 941 quodque
1658 869 1854 941 pusilli

403 943 715 999 Finxerunt
738 941 940 1009 animi,
968 955 1095 999 raro
1121 945 1179 998 et
1203 955 1480 1068 pergauca
1506 941 1818 1012 loquentis.

404 1012 481 1071 At
505 1019 569 1070 tu
596 1012 891 1070 conclusas
921 1010 1161 1070 hircinis
1182 1010 1306 1069 folii

1349 1027 1418 1070 US
1447 1026 1616 1069 auras

296 1084 369 1144 20
400 1085 596 1154 Usque
622 1083 973 1151 laboranteS,
1002 1081 1134 1140 dum
1161 1080 1371 1140 ferrum
1400 1083 1615 1140 molliat
1643 1083 1824 1155 igniS,

402 1155 482 1213 Ut
510 1155 687 1211 mavis
706 1195 721 1222 ,
754 1154 991 1211 imitare.
1013 1153 1221 1210 Beatus
1247 1153 1530 1222 FanniuS,
1557 1154 1707 1211 ultro

405 1226 623 1282 Delatis
650 1225 837 1295 capsis
860 1265 877 1293 ,
908 1230 965 1279 et
992 1223 1264 1294 imagine,
1295 1237 1470 1294 quum
1499 1238 1618 1280 mea
1648 1236 1808 1280 nemo

406 1296 632 1366 Scripta
660 1297 844 1367 legat,
872 1294 1039 1360 vulgo
1066 1292 1302 1351 recitare
1332 1294 1587 1351 timentis
1607 1336 1623 1363 ,
1650 1295 1720 1353 ob
1748 1295 1890 1350 hanc
1920 1307 2034 1351 rem
2053 1337 2066 1362 ‚

402 1366 569 1438 Quod
585 1373 739 1432 sunt,
763 1378 911 1436 quos
974 1377 1117 1421 enus
1131 1363 1240 1422 hoc
1256 1363 1488 1421 minime
1497 1365 1675 1435 juvat,
1692 1367 1896 1435 utpote
1917 1365 2114 1436 plures

300 1439 371 1499 25
411 1439 646 1510 culpari
672 1438 898 1510 dignos,

318 1605 361 1640 ο.
389 1600 521 1649 Hinc,
552 1606 633 1640 etc.
656 1605 735 1640 Eos
754 1601 948 1643 imitatur,
975 1603 1015 1636 et
1045 1595 1160 1642 quasi

262 1655 440 1699 vestigiis
470 1655 663 1699 sequitur,
693 1674 748 1683 —
775 1649 980 1691 Lucilius.
1009 1651 1160 1689 Primus

260 1708 403 1800 {²2:in
428 1709 563 1745 satirae
589 1710 741 1753 auctor,
772 1709 889 1744 natus
926 1705 1093 1744 Aruncae
1118 1703 1161 1741 iu

326 1824 373 1858 ’1.
423 1815 601 1856 mutatis
642 1817 829 1868 pedibus.
860 1820 963 1868 Quia
1005 1819 1164 1865 scripsit

266 1871 541 1917 hexametris,
586 1879 705 1916 quum
739 1873 795 1910 iili
823 1877 952 1920 poetoe
983 1871 1164 1912 iambicis

270 1926 337 1967 usi
354 1927 449 1963 siut.
473 1928 517 1965 in
539 1926 730 1973 versibus,
761 1936 849 1974 quas
872 1927 1094 1966 differentia
1112 1926 1164 1964 sit

268 1978 377 2018 inter
388 1986 575 2017 numeros
587 1983 627 2016 et
639 1980 774 2028 pedes,
784 1981 874 2019 vide
888 1981 958 2019 lib.
982 1983 1003 2017 b
1013 2008 1022 2017 .
1042 1980 1111 2018 od.
1128 1981 1161 2016 1.

322 2044 365 2079 8.
394 2038 612 2079 Emunotoe
630 2039 764 2080 naris.
785 2043 1001 2081 Prudenter
1022 2041 1160 2085 salsus,

266 2094 460 2134 urbanus.
474 2112 523 2121 -
540 2090 706 2139 Dur-usp
715 2098 797 2133 etc.
816 2098 860 2133 lu
877 2095 1061 2140 aptandis
1077 2100 1164 2131 ver·

266 2156 385 2191 suum
403 2146 587 2193 pedibus,
611 2148 973 2193 concinnandlsque
992 2144 1168 2185 numeris

268 2208 410 2245 parum
429 2200 595 2245 diligens
613 2213 623 2237 ι
649 2202 827 2247 asperior
844 2205 887 2238 et
898 2196 1109 2246 agrestior.

322 2266 367 2301 θ.
394 2260 503 2301 1100.
524 2262 583 2301 Ob
600 2262 701 2307 hoo,
725 2261 833 2299 ideo.

325 2328 389 2363 10.
424 2322 474 2363 Ut
498 2332 715 2372 magnum.
750 2325 871 2361 natus
902 2330 943 2359 se
972 2328 1057 2359 rom
1079 2328 1166 2359 ma·

274 2385 386 2422 snam
414 2381 629 2424 prasium,
662 2376 863 2413 difficilem
892 2377 934 2412 et
953 2374 1168 2420 egregiam.

271 2447 324 2459 —
362 2428 510 2476 Stans,
562 2433 644 2467 ecc.
689 2429 921 2468 Brevissimo
965 2430 1143 2474 tempore
1154 2442 1167 2476 i

271 2492 387 2523 nemo
410 2485 516 2522 anim
542 2482 611 2520 din
634 2482 735 2529 pede
752 2482 826 2520 niti
850 2490 931 2520 uno
953 2482 1099 2526 potest.

326 2548 392 2583 11.
422 2540 559 2591 Quum
576 2541 725 2590 flueret
737 2569 750 2590 ,
774 2545 858 2580 etc.
877 2541 1046 2580 Flamini
1064 2540 1173 2579 siml-

270 2596 319 2635 lis
338 2600 427 2636 erat
455 2597 554 2643 lpse,
576 2596 686 2641 quod
704 2594 917 2633 lutulentas
942 2604 1068 2641 aquas
1086 2594 1171 2632 vol-

270 2652 341 2689 uit.
355 2668 409 2680 —-
429 2647 541 2687 Erat
558 2646 669 2698 quod
693 2646 855 2696 tollere,
876 2652 958 2687 etc.
984 2649 1080 2686 Erat
1097 2647 1172 2685 all·

274 2704 369 2747 quid
421 2703 586 2747 dignum
630 2702 742 2747 quod
786 2702 993 2741 tolleretur
1007 2729 1019 2749 ,
1066 2700 1173 2739 lectu

276 2754 439 2803 <lituum
456 2760 500 2793 et
521 2758 679 2794 notatu.

337 2820 399 2854 n.
442 2814 678 2864 Garrulus,
709 2819 791 2853 ete.
824 2815 994 2853 Lucilius
1024 2816 1176 2854 effutie-

284 2866 355 2907 bat
375 2871 496 2908 multa
516 2872 665 2907 temere
679 2896 690 2915 ,
712 2870 755 2907 et
778 2868 1047 2914 componendi
1064 2868 1177 2907 labo-

280 2930 362 2960 rem
382 2932 487 2971 agre
505 2922 678 2961 terebat.

334 2979 397 3015 13.
432 2974 482 3016 Ut
515 2972 715 3013 multum.
747 2971 907 3013 scilicet
938 2972 1101 3011 scribat.
1122 2990 1180 3003 -

276 3024 345 3067 it’il
362 3038 522 3068 moror.
540 3030 687 3065 Parum
709 3035 826 3065 curo.

330 3086 398 3122 1¹0.
435 3079 677 3131 Crispinus.
724 3082 847 3119 Poeta
896 3076 965 3127 qui
1008 3078 1180 3119 muitum

274 3136 489 3175 scribebat.
518 3153 568 3163 —
596 3132 789 3173 Minimo.
829 3132 1004 3173 subaudi
1036 3132 1180 3178 digito.

275 3188 357 3227 isto
394 3190 505 3227 euim
528 3188 652 3226 modo
686 3186 904 3234 significat,
939 3185 1008 3233 qui
1040 3188 1176 3225 coute-

276 3243 497 3281 mnendum
514 3241 780 3279 adversarium
796 3243 1002 3288 provocat,
1020 3238 1184 3279 eumvel

275 3295 448 3333 minimo
476 3296 602 3340 digito
634 3294 897 3341 dejiciendum
932 3302 979 3333 ac
1008 3297 1187 3341 proster-

280 3352 456 3389 nendum
484 3358 588 3387 osse.

977 1435 1192 1492 uemvis
1222 1434 1401 1492 media
1431 1449 1562 1493 crue
1588 1436 1792 1492 turha:

1271 1599 1338 1634 15.
1372 1591 1568 1633 Tabulas.
1596 1597 1642 1633 ln
1671 1592 1815 1631 tabulis
1835 1590 1997 1638 ligneis,
2018 1599 2114 1629 cera

1214 1648 1411 1696 obductis,
1437 1648 1662 1686 scribebant
1679 1645 1860 1686 Romani.

1271 1704 1336 1739 16.
1356 1697 1574 1740 Custodes.
1597 1700 1672 1748 Qui
1689 1699 1900 1738 observent
1915 1704 1966 1734 ne
1981 1696 2114 1736 aliena

1213 1757 1378 1794 utamur
1393 1763 1518 1801 opera
1529 1781 1540 1802 ,
1563 1753 1721 1801 scriptis
1737 1751 1876 1791 alianis
1888 1777 1900 1798 ,
1919 1751 2003 1788 etc.

1270 1811 1336 1846 1'1.
1373 1806 1429 1846 Di
1468 1805 1568 1846 bene
1604 1803 1812 1858 fecerunt.
1851 1803 2008 1845 Gratias
2035 1811 2112 1848 ago

1213 1862 1382 1908 superis.
1405 1862 1570 1900 nultum
1591 1860 1670 1898 iliis
1699 1859 1840 1897 debeo.
1863 1874 1918 1887 —
1954 1854 2095 1907 inopis

1215 1915 1366 1955 Sterliis
1379 1942 1390 1961 ,
1408 1915 1534 1963 ieiuni
1547 1944 1556 1962 ,
1571 1912 1791 1954 infecundi..

1272 1970 1338 2007 18.
1365 1966 1620 2007 Finxerune.
1641 1966 1846 2005 Crearunt.

1273 2024 1338 2059 19.
1369 2021 1423 2059 Ae
1443 2025 1509 2065 eu,
1534 2024 1615 2059 stc.
1647 2020 1678 2057 0
1697 2018 1898 2065 Crispina,
1925 2014 2082 2054 imitare
2101 2044 2112 2063 ,

1217 2072 1253 2112 si
1272 2075 1418 2120 mavis,
1453 2075 1486 2110 sl
1513 2072 1586 2110 tibi
1607 2071 1792 2117 collibet,
1825 2072 1902 2109 tuis
1936 2068 2115 2108 versibus

1217 2126 1384 2171 turgidis
1411 2129 1453 2165 et
1480 2124 1722 2169 ambitiosis,
1752 2122 1868 2161 tolles
1891 2123 2010 2162 vento
2037 2121 2114 2158 dis·

1217 2181 1374 2224 tentos,
1395 2178 1466 2223 qui
1486 2178 1690 2216 tornacen
1715 2176 1959 2221 accendunt,
1987 2174 2114 2212 donec

1219 2230 1278 2267 illl
1308 2230 1511 2269 molliatur
1535 2229 1697 2266 terrum.
1720 2227 1992 2272 arrogantiam
2014 2226 2117 2264 cris·

1219 2283 1305 2330 pini
1319 2311 1330 2330 ,
1350 2284 1392 2321 et
1403 2285 1492 2330 ejus
1508 2288 1691 2320 versuum
1707 2279 1904 2318 levitatem
1921 2281 2115 2319 notat.-

1221 2333 1430 2376 Hircinis.
1457 2339 1512 2375 Ex
1532 2335 1684 2373 hircino
1704 2333 1816 2369 corio
1839 2331 1970 2371 iactis.

1276 2394 1342 2428 20.
1373 2384 1640 2426 laborantes.
1661 2386 1852 2425 videntur
1873 2384 1987 2423 folles
2008 2384 2100 2422 labo

1222 2450 1314 2483 rare
1341 2444 1382 2480 et
1414 2441 1599 2479 anhelare
1631 2438 1811 2485 graviter,
1843 2438 1938 2477 dum
1957 2442 2116 2475 rentum

1222 2496 1488 2535 vehementius
1507 2493 1707 2532 emittunt.

1279 2553 1346 2587 21.
1375 2545 1530 2587 Beatus
1559 2542 1768 2589 Fannius,
1805 2546 1885 2583 etc.
1926 2544 1993 2581 Noe
2021 2544 2118 2581 Fan-

1225 2602 1313 2640 nius
1329 2602 1510 2646 (insulsus
1527 2600 1660 2647 poeta)
1680 2598 1818 2635 beatus
1837 2600 1911 2643 est,
1927 2596 2007 2641 cui,
2025 2596 2120 2636 iicet

1225 2655 1470 2700 immerenti,
1502 2662 1548 2692 ac
1571 2661 1651 2690 nou
1673 2650 1847 2699 petenti,
1878 2653 2036 2688 senatus
2055 2646 2124 2685 ‹ie-

1226 2709 1341 2754 tulit,
1376 2707 1519 2747 obtulit
1545 2714 1708 2753 capsas,
1730 2704 1772 2742 id
1799 2708 1881 2750 est,
1909 2702 2063 2741 arculas
2081 2704 2123 2738 et

1225 2760 1393 2807 loculos,
1415 2762 1557 2808 quibus
1574 2759 1662 2798 iibri
1690 2760 1777 2805 ejus
1797 2758 1839 2795 iu
1856 2755 2096 2796 bibliotheca
2112 2781 2122 2798 ,

1227 2824 1300 2863 per
1315 2817 1532 2860 Angustum
1545 2842 1555 2860 ,
1579 2822 1706 2859 prope
1723 2812 1914 2857 tempium
1931 2807 2128 2855 Apollinis

1225 2868 1390 2907 raiatia!
1408 2870 1622 2913 exstruct-a,
1643 2867 1930 2913 reponerentur
1941 2870 2019 2901 una
2033 2866 2125 2899 cum

1229 2928 1303 2959 sua
1325 2922 1512 2967 imagine.

1285 2978 1352 3012 22.
1372 2971 1509 3021 Quum
1527 2980 1645 3019 mea,
1669 2974 1750 3009 etc.
1777 2970 1973 3015 Fannius,
1993 2970 2039 3005 ut
2063 2974 2126 3003 ea·
2157 2966 2170 2974 “

1229 3028 1364 3073 piaret
1379 3026 1581 3064 hominum
1595 3024 1758 3067 tamam,
1771 3023 1965 3061 recitabat
1981 3028 2028 3058 ao
2038 3026 2132 3055 van-

1230 3080 1385 3119 ditabat
1403 3088 1475 3116 sua
1492 3077 1690 3125 carmina;
1716 3077 1826 3121 quod
1843 3074 1974 3122 poetis
1995 3074 2129 3111 Romo

1230 3134 1330 3170 tuno
1345 3130 1507 3170 solenne
1525 3129 1617 3167 tuit.

1290 3186 1358 3221 2¹0.
1385 3180 1525 3221 Genus
1552 3178 1645 3219 Ιιοο.
1672 3178 1830 3218 satirici
1847 3177 2049 3217 carminis.
2077 3194 2129 3206 -

1235 3232 1382 3275 Jtrvae.
1399 3234 1596 3274 Delectat.

1292 3293 1362 3329 2⁸.
1389 3284 1602 3336 Quemvis.
1633 3287 1774 3325 seusus
1795 3287 1857 3321 est
1881 3294 1892 3319 e
1927 3283 1977 3322 de
1997 3282 2133 3323 mesto

1237 3342 1390 3393 populo
1407 3340 1584 3389 quemvis
1599 3340 1698 3378 cedo
1711 3366 1722 3387 ,
1741 3336 1969 3385 producito.
