2317 3850
843 135 910 178 ετ
946 128 1209 199 Ηεῃοῃισε
1244 96 1504 177 ponticis.
1891 131 1895 135 ·
2035 124 2126 193 xp?

264 218 319 269 {n
336 214 523 267 eodem
544 211 737 277 oppido
756 210 929 262 Eleusi
947 218 1115 275 coepta
1130 217 1251 261 sunt
1269 211 1492 275 primum
1513 208 1691 273 peragi
1712 209 1911 261 Cereris
1926 225 2088 271 sacra,

269 282 503 337 Eleusina
526 280 699 329 dicta:
725 278 777 327 in
799 278 864 328 iis
888 277 1194 328 incredibile
1219 277 1522 327 servabatur
1547 277 1805 327 silentium
1826 315 1838 334 ,
1865 291 1924 328 ac
1949 291 2090 328 sum-

264 361 401 399 mum
429 346 569 395 nefas
598 345 871 407 putabatur
898 358 963 395 ex
988 343 1094 393 illis
1118 342 1312 406 aliquid
1337 344 1600 405 evulgare.
1627 342 1731 391 Alia
1762 343 1866 392 duo
1891 344 2092 395 Cereris

259 415 391 465 festa
416 415 769 461 memorantur
789 411 842 459 in
872 410 1210 473 scriptoribus
1234 408 1486 471 antiquis:
1511 408 1908 471 Thesmophoria
1927 448 1939 465 ,
1970 410 2093 471 quia

256 482 414 531 Ceres
435 477 826 527 Atheniensibus
850 477 993 538 leges
1015 474 1364 538 descripserat
1382 492 1395 532 ;
1418 481 1471 525 et
1488 475 1805 524 Ambarvalia
1819 513 1831 532 ‚
1858 475 2094 527 instituta

254 546 327 597 ad
349 544 666 595 fertilitatem
698 548 751 593 et
775 542 1068 592 ubertatem
1092 539 1468 603 impetrandam
1498 541 1660 599 arvis,
1687 552 1804 603 quae
1835 546 1956 591 tunc
1982 556 2089 591 am-

258 612 539 662 biebantur
567 622 595 657 a
618 607 1051 671 supplicantibus,
1088 608 1231 657 unde
1268 606 1400 657 festo
1437 620 1645 657 nomeu.
1685 608 1858 656 Vinum
1892 607 1956 657 ab
1989 608 2092 658 aris

256 676 465 727 cereris
484 676 850 725 amovebatur:
872 674 1234 725 immolabatur
1250 673 1327 723 illi
1347 685 1534 736 porcus
1547 712 1560 731 ,
1582 672 1701 735 quia
1721 671 1894 735 fruges
1913 680 1966 723 et
1980 680 2092 725 sata

261 748 434 794 rostro
471 741 625 791 eruit.
662 743 913 803 Agrorum
948 738 1196 790 limitibus
1229 746 1450 803 praeerat
1477 738 1606 790 deus
1634 739 1901 791 Terminus
1931 755 1948 790 ι
1976 741 2090 802 ejus

261 808 393 860 festa
411 845 425 866 ,
447 806 751 857 Terminalia
782 806 1107 857 dicebantur.
1136 806 1377 857 Cererem
1404 804 1456 855 in
1483 806 1674 857 Graecia
1700 819 1943 869 regnasse
1972 819 2088 855 nar-

258 880 425 931 ratur,
464 880 737 935 artemque
774 886 927 934 agros
966 871 1170 923 colendi
1205 854 1515 923 tradidisse&
1544 885 1604 923 ac
1630 886 1726 936 per
1753 886 1864 923 eam
1897 870 2090 925 factum

258 946 323 991 ut
344 939 537 990 Graecia
560 939 667 989 suis
692 938 929 1003 frugibus
953 944 1208 997 uteretur,
1233 951 1394 1003 quum
1421 944 1574 989 antea
1593 936 1852 991 frumento
1881 940 2096 997 aliunde,

254 1008 538 1071 importato
566 1004 792 1056 vixisset.

924 1146 1081 1197 Carni·
1107 1147 1195 1199 Ill.
1218 1148 1440 1201 ωριτε-ιι.

326 1260 547 1323 Jupiter,
574 1258 777 1310 Saturni
798 1264 853 1310 et
878 1259 1093 1323 Cybeles
1122 1258 1284 1315 tilius,
1312 1263 1585 1321 postquam
1611 1263 1806 1321 patrem
1828 1256 2018 1321 egisset
2031 1256 2087 1309 in

257 1324 460 1389 tuffam,
490 1339 711 1389 regnum
737 1324 915 1375 mundi
951 1338 1070 1375 cum
1097 1322 1346 1375 fratribus
1373 1326 1445 1374 ita
1467 1324 1664 1382 divisit,
1692 1330 1753 1375 ut
1776 1327 1964 1374 coelum
1987 1325 2088 1375 sibi

265 1390 565 1450 vindicarem
584 1405 745 1455 aquas
763 1392 1017 1455 Neptuno,
1036 1389 1228 1441 inferos
1246 1390 1450 1441 Plutoni
1469 1391 1723 1454 regendos
1741 1391 2084 1453 permitteret.

265 1452 377 1507 Non
402 1456 489 1508 diu
518 1458 853 1521 tranquillum
879 1470 1097 1520 regnum
1128 1456 1322 1508 habuit.
1347 1457 1520 1509 Tellus
1549 1456 1684 1507 enim
1705 1496 1716 1515 ,
1741 1456 1901 1506 Titani
1935 1468 2082 1515 uxor,

266 1522 443 1575 dolens
464 1523 599 1574 filios
619 1538 741 1576 suos
760 1524 961 1573 Titanas
978 1536 1009 1574 a
1026 1523 1153 1574 Jove
1171 1523 1470 1576 interfectos
1484 1563 1496 1582 ‚
1521 1524 1757 1587 Gigantes
1778 1522 2084 1586 procreavit,

262 1590 395 1641 mole
410 1590 712 1653 viribusque
729 1590 1051 1653 spectandos;
1071 1590 1180 1652 qui,
1198 1592 1454 1653 congestis
1465 1592 1519 1641 in
1531 1590 1792 1641 cumulum
1806 1588 2083 1647 montibus,

256 1655 441 1706 Jovem
465 1658 599 1707 coelo
634 1656 909 1707 detrudere
939 1656 1168 1719 aggressi
1193 1665 1313 1707 suut
1337 1658 1574 1721 (Metam,
1600 1658 1692 1706 lib.
1719 1657 1736 1705 1
1766 1663 1820 1707 et
1844 1657 1904 1706 14
1923 1658 1960 1718 ).
1985 1657 2088 1707 Sed

254 1718 561 1773 fulminibus
583 1723 802 1785 dejecti,
825 1728 880 1773 et
896 1723 1001 1772 suis
1020 1722 1201 1773 obtriti
1229 1724 1489 1773 montibus
1503 1762 1514 1779 ,
1539 1732 1722 1786 *poenas
1740 1724 1766 1771 J
1770 1725 1853 1773 ovi
1871 1722 2082 1773 dedere.

258 1786 432 1839 Vocati
462 1790 528 1839 ab
555 1789 645 1839 illo
670 1789 723 1837 in
751 1788 876 1839 belli
902 1795 955 1839 et
984 1789 1198 1852 peric-uli
1229 1795 1425 1853 partem
1455 1789 1552 1847 dii,
1577 1802 1736 1853 quum
1760 1802 1818 1839 se
1837 1789 2086 1851 imparem

252 1867 421 1905 unum
453 1862 533 1905 tot
561 1855 797 1906 hostibus
829 1855 1092 1913 crederet,
1120 1856 1195 1905 sic
1223 1856 1490 1919 Gigantum
1518 1862 1799 1919 conspectu
1826 1862 2092 1919 perterre·'

252 1920 384 1972 facti
418 1927 570 1980 sunt,
612 1928 671 1973 ut
704 1936 882 1973 omnes
909 1921 964 1971 in
996 1922 1264 1986 AEgyptum
1299 1920 1551 1986 fugerint,
1589 1922 1768 1986 ibique
1805 1922 1904 1972 sub
1932 1921 2087 1972 variis

252 1988 595 2038 animantium
628 1989 806 2040 formis
852 1989 1097 2039 latuerint
1133 1989 1374 2052 (Metam,
1399 1990 1490 2039 lib.
1520 1993 1549 2040 5
1583 1989 1622 2051 ).
1644 1991 1770 2040 Hinc
1811 1988 1999 2039 factum
2028 1994 2090 2041 ut

254 2053 465 2104 belluas
486 2055 700 2118 AEgyptii
722 2054 955 2106 colerent
985 2068 1079 2115 pro
1108 2055 1422 2106 numinibus.
1456 2055 1682 2107 Bacchus
1710 2062 1881 2106 tamen
1913 2055 2089 2118 specie

256 2119 429 2170 leonis
455 2119 667 2171 indutus
693 2133 805 2171 rem
830 2126 1043 2170 strenue
1066 2119 1438 2183 aliquantisper
1460 2122 1620 2184 gessit
1637 2161 1648 2178 ,
1671 2123 1908 2172 hortante
1929 2122 2085 2180 Jove,

261 2189 323 2232 et
336 2185 529 2243 Evohe‚
550 2185 605 2234 εὖ
624 2187 723 2244 υἱέ,
744 2187 795 2236 id
819 2192 917 2244 est,
940 2186 1073 2246 Euae
1097 2186 1192 2244 sili,
1219 2187 1584 2248 ingeminante.
1609 2187 1827 2250 Jupiter,
1851 2193 2090 2249 pacatum

258 2247 488 2312 adeptus
512 2264 746 2315 regnum,
786 2264 963 2303 curam
996 2250 1059 2301 ad
1090 2251 1386 2301 formandos
1421 2251 1654 2300 homines
1689 2252 1921 2301 contulit.
1962 2253 2090 2303 Eum

253 2313 496 2366 imitatus
508 2315 857 2374 Prometheus,
878 2317 1024 2368 finxit
1039 2322 1236 2368 statuas
1252 2316 1501 2379 quasdam
1519 2317 1780 2366 hominum
1803 2329 1866 2365 ex
1884 2315 2088 2378 argilla,

250 2379 486 2446 illasque
508 2391 656 2448 rapto
678 2399 708 2435 e
733 2397 888 2435 curru
912 2383 1043 2434 Solis
1070 2384 1190 2446 igne
1215 2381 1457 2432 animavit
1484 2383 1724 2446 (Metam,
1750 2381 1839 2430 lib.
1869 2381 1938 2443 1).
1971 2381 2091 2433 Pro-

248 2449 457 2500 methei
486 2451 835 2502 temeri-tatem
866 2450 1075 2512 indigne
1105 2448 1277 2501 ferens
1311 2449 1528 2511 Jupiter,
1563 2449 1826 2510 negotium
1869 2447 2090 2499 Vulcano

245 2512 435 2574 dedit,
466 2523 527 2568 ut
560 2530 682 2567 eum
710 2518 761 2566 in
794 2518 1016 2567 Caucaso
1051 2522 1224 2567 monte
1255 2516 1531 2578 religaret:
1566 2515 1763 2565 addidit
1794 2514 2050 2564 vulturem
2073 2553 2089 2574 ,

246 2581 353 2642 qui
393 2581 613 2634 laniaret
646 2584 871 2638 viscera,
914 2583 969 2632 in
1009 2596 1170 2634 novos
1210 2583 1468 2633 cruciatus
1503 2595 1710 2646 semper
1749 2579 2088 2634 renascentia.

248 2647 603 2700 Severitatem
628 2650 768 2700 Jovis
784 2649 963 2712 inique
988 2650 1224 2701 tulerunt
1243 2649 1404 2699 ceteri
1427 2649 1498 2699 dii
1513 2689 1526 2706 ,
1562 2663 1622 2700 ac
1644 2648 1924 2700 doluerunt
1950 2647 2092 2710 quod

248 2713 361 2762 sibi
386 2714 479 2763 uni
514 2715 903 2767 formandorum
922 2714 1198 2764 mominum
1229 2716 1316 2778 jus
1344 2722 1626 2780 arrogaret.
1665 2718 1852 2775 Quare,
1891 2714 2108 2766 collatis,

246 2777 447 2830 studiis
468 2788 523 2831 et
549 2781 877 2839 muneribus,
900 2781 1180 2832 mulierem
1211 2782 1483 2840 effinxere,
1509 2795 1662 2845 quam
1694 2781 1972 2846 Pandoram
2001 2793 2106 2845 apr.

246 2845 550 2908 pellarunt,
580 2848 731 2911 quasi
752 2861 815 2898 ex
840 2848 1064 2898 omnium
1094 2847 1245 2897 donis
1272 2849 1561 2898 conflatam.
1592 2848 1808 2911 Jupiter,
1846 2861 2094 2910 superum

245 2913 607 2974 arrogantiam
633 2915 863 2971 ulturuS,
883 2913 959 2963 illi
979 2913 1239 2977 capsulam
1262 2914 1405 2964 dedit
1423 2953 1436 2969 ,
1457 2915 1632 2965 infelix
1654 2928 1872 2973 munus;
1901 2915 1956 2964 in
1977 2926 2095 2964 eam

240 2976 457 3040 quippe
480 2985 726 3042 congesta
754 2985 901 3031 erant
922 2981 1094 3030 omnia
1122 2985 1318 3029 naturae
1339 2979 1489 3030 mala.
1520 2981 1660 3031 Hanc
1681 2979 1911 3031 Pandora
1931 2993 2095 3042 quum

243 3041 535 3095 detulisset
571 3045 635 3095 ad
662 3046 1019 3109 Epimetheum
1038 3085 1050 3103 ,
1082 3043 1376 3096 Promethei
1415 3044 1652 3104 fratrem,
1691 3048 1782 3097 ille
1801 3085 1814 3103 ,
1843 3044 2094 3107 impulsus

236 3109 564 3162 curiositate
600 3125 783 3174 prava,
819 3111 957 3170 sive,
998 3117 1057 3162 ut
1090 3111 1179 3162 alii
1217 3116 1455 3170 narrant,
1494 3113 1608 3176 ejus
1644 3125 1793 3168 uxor,
1833 3111 2094 3173 capsulam

235 3176 466 3238 aperuit
482 3213 495 3232 ,
525 3189 593 3226 ex
614 3189 783 3240 eaque
806 3184 979 3242 pestes
997 3177 1164 3228 omnis
1189 3177 1396 3240 generis
1419 3178 1473 3228 in
1492 3179 1670 3230 orbem
1698 3185 1948 3227 terrarum
1970 3189 2092 3228 evo·

238 3235 435 3292 larunt
456 3280 469 3299 ,
502 3243 614 3294 sola
646 3257 740 3306 spe
768 3244 821 3292 in
855 3243 1014 3294 fundo
1046 3245 1272 3307 capsulae
1302 3244 1500 3294 relicta.
1533 3246 1659 3295 Hinc
1687 3249 1809 3294 aetas
1839 3243 2009 3294 ferrea
2041 3248 2109 3297 et.

234 3308 522 3360 scelerum
542 3309 793 3360 colluvies
814 3317 931 3359 nata
954 3315 1052 3360 est.
1074 3310 1255 3359 Jovem
1284 3307 1393 3358 uon*
1412 3323 1571 3360 unum
1599 3312 1652 3361 in
1679 3312 1826 3372 Creta
1850 3312 2095 3374 regnasse

234 3371 537 3424 doctorum
566 3377 741 3436 o'pinio
766 3381 881 3426 est:
905 3375 1133 3428 omnium
1165 3375 1564 3430 celeberrimum
1597 3377 1880 3435 abraha-mo
1905 3387 2094 3438 suppa,-

238 3449 373 3490 tem
400 3441 659 3494 Eusebius
682 3441 824 3493 facit.
858 3441 1063 3494 Patrem
1088 3441 1328 3506 spoliavit
1351 3453 1540 3506 regno,
1571 3442 1711 3507 quod
1739 3443 1814 3493 ita
1843 3445 1961 3494 c'um
1987 3440 2062 3491 su·
