2317 3850
887 27 1195 71 SATmARUM
1232 28 1388 70 Lim-:n
1428 28 1487 69 il.

1985 12 2085 74 22⁴1

376 102 510 160 Non
539 106 640 158 est
661 102 984 169 cardiacuS,
1013 103 1303 161 Craterum
1333 103 1547 159 dixisse
1558 108 1803 215 'putatm

377 174 491 229 Hic
517 187 705 243 aeger:
736 178 883 230 recte
905 179 993 230 est
1019 174 1216 245 igitur,
1247 183 1549 245 surgetque

1617 175 1840 245 negabit
1856 192 1873 242 3

377 242 561 311 Quod
585 244 764 308 latuS‚
794 250 892 301 aut
920 258 1082 301 renes
1115 244 1308 301 morbo
1336 251 1623 301 tententur
1651 252 1834 303 acuto.

381 314 517 370 Non
549 320 638 371 est
661 316 948 386 perjuruS,
977 328 1158 385 neque
1188 315 1492 372 sordidus:
1524 316 1775 372 immolet
1790 316 1973 385 aequis

245 382 353 445 165
387 384 502 441 Hic
533 398 759 455 porcum
789 385 1049 442 Laribus,
1076 387 1280 443 Verum
1303 384 1662 452 ambitiosuS,
1682 392 1739 443 et
1764 388 1947 443 audax
1970 403 1989 441 ε

385 456 632 525 Naviget
657 454 1012 539 Anticyram:
1051 456 1188 526 quid
1212 458 1356 512 enim
1384 457 1597 524 differt,
1628 457 1966 513 barathrone

383 525 586 583 Dones
613 527 889 596 quidquid
917 527 1118 592 habeS,
1141 540 1212 582 an
1244 540 1529 597 nunquam
1561 535 1715 583 utare
1742 528 1994 597 paratis?

461 597 695 652 Servius
717 595 996 667 Oppidius
1017 596 1228 653 Canusi
1256 598 1369 655 duo
1396 598 1601 667 praedia
1618 640 1632 667 ,
1664 598 1819 655 dives

385 665 648 736 Antiquo
668 680 836 723 censu
857 710 874 735 ,
898 669 1086 738 gnatis
1111 668 1323 724 divisse
1360 668 1581 724 duobus

247 734 350 798 170
383 736 616 805 Fertur,
647 744 701 793 et
724 738 830 794 hoc
857 738 1104 794 moriens
1130 740 1323 810 pueris
1348 738 1561 795 dixisse
1578 740 1791 797 vocatis

381 806 480 864 Ad
507 808 710 864 lectum
742 826 757 864 ε
795 830 816 855 e
844 810 1145 877 Postquam
1177 816 1229 866 te
1258 810 1430 876 taloS,
1458 810 1630 877 Aule,
1659 823 1943 883 nucesque

381 878 562 935 Ferre
590 879 718 934 sinu
751 880 906 946 laxo,
933 879 1142 937 donare
1170 886 1227 937 et
1248 881 1438 937 ludere
1459 881 1603 944 vidi3

379 948 497 1016 Te,
527 948 746 1016 Tiberi,
771 964 1091 1016 numerare,
1118 952 1271 1007 cavis
1300 951 1639 1009 abscondere
1658 952 1875 1009 tristem
1892 992 1911 1019 ,

381 1018 678 1086 Extimui,
708 1032 778 1076 ne
804 1034 904 1077 vos
930 1027 1122 1091 ageret
1139 1023 1367 1077 vesania
1395 1022 1612 1079 discors
1639 1042 1654 1085 3

247 1088 346 1151 175
381 1090 471 1147 Tu
498 1092 944 1157 Nomentanum,
974 1096 1035 1147 tu
1061 1104 1130 1146 ne
1161 1106 1395 1160 sequere
1421 1092 1695 1149 Cicutam.

379 1160 580 1231 Quare
601 1175 700 1231 per
719 1161 880 1218 divos
901 1167 1094 1217 oratus
1120 1166 1359 1232 uterque
1385 1162 1623 1220 Penates
1637 1204 1653 1229 ,

379 1232 503 1300 Tu,
530 1245 662 1288 cave
688 1244 758 1287 ne
777 1232 1037 1297 minuas;
1071 1235 1131 1287 tu
1147 1271 1163 1297 ,
1180 1245 1250 1287 ne
1270 1233 1450 1302 majus
1471 1232 1643 1289 facias
1671 1231 1730 1289 id

379 1302 558 1372 Quod
584 1302 726 1358 satis
753 1316 876 1358 esse
904 1307 1066 1372 putat
1089 1308 1267 1371 pater,
1291 1309 1348 1359 et
1375 1308 1576 1359 natura
1598 1306 1835 1361 coercet.

377 1372 699 1439 Praeterea,
732 1386 802 1429 ne
827 1386 925 1429 vos
956 1372 1151 1427 titillet
1176 1374 1356 1445 gloria
1377 1414 1394 1440 ‚
1412 1376 1566 1444 jure-

236 1442 344 1506 180
375 1444 649 1501 Jurando
675 1442 1020 1514 obstringam
1049 1442 1214 1499 ambo
1240 1461 1255 1498 z
1284 1450 1409 1500 uter
1436 1443 1885 1502 aedilis.sueritve

373 1514 658 1571 Vestrum
685 1518 910 1586 praetor,
944 1514 996 1569 is
1024 1514 1368 1571 intestabilis
1394 1520 1451 1571 et
1474 1530 1627 1572 sacer
1654 1523 1796 1573 esto.

373 1584 448 1643 In
487 1585 666 1643 cicere
687 1589 856 1655 atque
879 1584 1008 1642 faba
1029 1585 1177 1642 bona
1201 1591 1265 1645 tu
1288 1585 1597 1656 perdasque
1626 1586 1871 1657 Ιιψίηἰε,

286 1714 388 1751 101.
417 1709 520 1750 Non
535 1715 597 1749 ese
614 1708 854 1749 cardiacus.
876 1712 962 1748 Non
979 1709 1140 1748 laborat

235 1765 374 1803 cordis
406 1774 488 1803 seu
517 1765 710 1802 stomachi
742 1765 896 1803 dolore.
918 1782 967 1791 -
985 1760 1137 1801 Grate-

235 1826 355 1856 rm.
378 1818 596 1857 medicum.

294 1873 394 1909 18⁸.
423 1868 646 1909 Sordidus.
674 1866 1135 1915 Avarum—Immolet,

242 1926 330 1962 etc.
365 1924 530 1964 Gratias
569 1927 666 1969 agat
689 1919 768 1961 dlis
801 1924 964 1961 Laribus
988 1951 998 1969 ,
1034 1932 1138 1968 qnos

241 1977 451 2024 propitios
475 1981 659 2024 expertus
678 1980 766 2024 est3
786 1980 827 2014 et
845 1978 940 2024 ipsis
969 1985 1138 2024 porcum

241 2029 446 2068 immolet.

298 2086 399 2121 185.
438 2079 610 2120 Audax.
660 2081 904 2119 Temerarius
934 2090 948 2118 r
974 2081 1136 2119 tortitu-

239 2131 352 2172 dinis
371 2135 524 2173 tamam
541 2142 758 2178 aucupans.

298 2190 402 2224 166.
441 2184 618 2232 Ναοίροε
662 2182 926 2232 Anticyram.
971 2185 1016 2221 ld
1042 2187 1104 2222 est
1122 2212 1135 2232 ,

239 2237 364 2275 mum
381 2239 566 2274 insanum
585 2247 670 2275 esse
702 2238 912 2282 pronuntio
925 2263 935 2282 ,
956 2238 1025 2281 qui
1043 2237 1136 2276 ello-

237 2291 351 2328 horo
395 2291 597 2328 curandus
625 2290 678 2327 sit
703 2317 712 2333 ‚
752 2290 861 2334 quod
886 2290 928 2326 in
956 2290 1142 2336 Amtcyra

239 2344 445 2382 nascitur.
468 2361 517 2370 -
539 2340 805 2380 Barathronc
835 2339 978 2379 dones.
996 2345 1042 2380 in
1059 2343 1138 2380 iar·

244 2396 425 2440 titiones
443 2399 485 2434 et
503 2397 604 2434 alios
626 2395 824 2442 eiusmodi
844 2398 1024 2440 sumptus
1043 2405 1138 2442 pro·

242 2447 412 2489 tum.

302 2505 401 2540 187.
431 2500 622 2541 Par-atis.
649 2502 854 2548 Quoesitis,
883 2502 1140 2546 comparatis.

303 2558 402 2595 108.
428 2555 604 2596 Canusi.
631 2559 674 2593 ln
693 2557 789 2592 urbe
817 2556 1012 2592 canusina
1033 2567 1043 2590 =
1064 2564 1138 2601 op·

247 2607 390 2652 nidum
410 2614 474 2648 est
489 2609 640 2656 Apulia
653 2635 664 2656 ,
690 2610 730 2647 in
747 2609 882 2655 ltalia,
912 2609 1031 2646 hodie
1057 2606 1144 2646 Ca-

306 2716 402 2754 169.
446 2712 628 2762 Antiqua
657 2723 800 2752 censu.
840 2713 961 2752 Avitls
995 2715 1141 2760 opibus

257 2766 424 2809 mitens.
451 2785 508 2796 -
524 2766 701 2806 Divisae.
729 2768 927 2806 Divisisse.

311 2823 404 2860 171.
449 2819 601 2858 Nuces.
654 2821 708 2858 lis
747 2820 866 2864 vulgo
923 2820 1142 2859 lusitabant

253 2874 384 2915 mari.

309 2929 403 2964 ιτς.
439 2921 545 2964 Sina
573 2923 695 2964 laxo.
733 2924 982 2967 incuriosus,
1015 2924 1137 2968 negli-

255 2983 365 3020 tem,
393 2981 438 3018 ld
457 2979 628 3017 dicimur
649 2979 740 3016 laxo
763 2979 850 3014 sinu
878 2977 1002 3020 terre,
1027 2979 1144 3022 cajus

257 3031 405 3070 nullam
449 3041 586 3068 curam
639 3032 810 3076 gerimus
861 3046 916 3057 —
960 3025 1142 3067 Donare-

257 3083 477 3122 uberaiom
493 3088 535 3122 et
564 3085 774 3130 prodigum
801 3090 903 3120 csse.

313 3139 406 3176 278.
437 3135 591 3174 Tiberi.
619 3137 794 3174 'ribertus
818 3137 906 3172 erat
923 3133 1024 3172 alter
1040 3135 1142 3172 tilio-

257 3193 348 3226 mm
376 3191 496 3230 servii
521 3190 694 3236 oppidu.
713 3207 769 3217 -
786 3187 1018 3226 Numerare
1032 3215 1041 3233 ‚
1062 3191 1144 3228 etc.

257 3240 472 3280 numerare
497 3252 636 3287 nuces,
671 3243 863 3287 ossicula,
885 3245 928 3278 et
957 3242 1055 3278 locis
1073 3249 1142 3278 oc·

261 3294 378 3334 onius
404 3296 664 3335 abscondere.
687 3313 736 3322 —
757 3293 951 3333 Tristem.
989 3294 1142 3332 sollici·

1248 1710 1341 1747 1710.
1369 1706 1553 1746 Discors.
1580 1708 1803 1746 Dissimilis.

1248 1766 1339 1800 ¹78.
1393 1760 1715 1799 Nomentanum.
1770 1760 2003 1799 naimonem
2044 1760 2091 1798 et

1191 1816 1417 1907 εέΐοεὶίξιιιιιω·
1441 1834 1497 1845 -
1520 1812 1733 1855 Cicutam.
1760 1816 1931 1855 Avarum
1960 1813 2085 1851 toeue·

1249 1926 1341 1970 176.
1390 1929 1587 1970 Penates.
1614 1931 1739 1969 Iidem
1770 1930 1839 1976 qul
1869 1933 2013 1976 Lares,
2036 1929 2093 1969 de

1192 1985 1337 2075 {abus
1356 1987 1479 2032 paulo
1500 1988 1591 2023 aute
1606 1986 1847 2022 mentionem
1868 1983 1965 2022 tecit
1981 1991 2088 2022 vers.

1248 2099 1342 2134 178.
1368 2083 1558 2135 Coei-cet.
1586 2099 1837 2144 moderatur,
1859 2097 1977 2136 cortis
1996 2095 2086 2134 nni-

1192 2147 1269 2186 bus
1295 2148 1433 2186 delinit
1449 2154 1491 2187 et
1506 2151 1699 2188 continet.

1250 2213 1343 2248 1¹19.
1372 2207 1604 2248 Proeterca.
1642 2213 1837 2248 Praeterea
1867 2218 1941 2254 eso
1959 2211 2089 2249 vosld

1193 2262 1294 2299 mihi
1309 2262 1400 2300 volo
1414 2291 1425 2309 ‚
1446 2267 1491 2300 ut
1505 2264 1630 2309 jurati
1648 2263 1889 2310 promittam
1900 2291 1913 2309 ,
1930 2264 2019 2302 iore
2040 2266 2091 2301 ut

1194 2323 1399 2360 nunquam
1440 2317 1645 2361 patiamini
1685 2325 1755 2354 vos
1801 2317 2019 2354 ambitione
2046 2319 2093 2354 et

1194 2368 1331 2412 εισι-ιω
1353 2369 1571 2414 cupiditate
1590 2368 1696 2408 duci.

1251 2430 1342 2466 180.
1379 2426 1549 2466 AEdilis.
1597 2433 1795 2469 Romanus
1842 2433 1927 2468 erat
1959 2431 2087 2475 magi·

1195 2483 1345 2519 stratus
1356 2509 1368 2529 ,
1388 2483 1453 2519 cui
1476 2483 1622 2519 aedium
1638 2485 1879 2528 privatarum
1896 2487 1939 2521 et
1952 2485 2086 2530 publi·

1194 2543 1347 2582 carum,
1373 2535 1583 2582 ludorum,
1605 2540 1685 2574 etc.
1706 2564 1717 2582 ‚
1740 2545 1835 2574 cura
1853 2537 2059 2575 mandata.

1252 2603 1345 2639 181.
1375 2597 1645 2638 intestabilis.
1676 2600 1739 2636 Sic
1760 2598 1985 2645 appellatur
2000 2598 2087 2648 ille,

1196 2655 1265 2699 qni
1282 2656 1349 2701 jus
1368 2663 1448 2691 non
1468 2654 1589 2690 babet
1605 2654 1802 2690 condendi
1820 2653 2046 2690 testamenti
2072 2664 2085 2689 r

1193 2707 1255 2745 vel
1275 2717 1394 2753 quem
1420 2715 1538 2744 nemo
1574 2708 1763 2744 adhibere
1795 2709 1938 2744 testem
1955 2707 2095 2752 potest

1196 2761 1249 2798 ob
1272 2761 1591 2807 improbitatem,
1612 2761 1827 2805 insaniam,
1847 2763 1925 2798 etc.
1938 2755 2085 2798 —Sa·

1194 2821 1283 2852 cer.
1314 2814 1582 2851 Exsecrandus
1594 2841 1605 2860 ‚
1638 2814 1896 2852 detestabilis.

1251 2878 1269 2911 1
1280 2877 1331 2914 82
1342 2903 1351 2912 .
1377 2873 1425 2911 In
1438 2872 1577 2913 cicere
1590 2902 1601 2921 ,
1620 2879 1701 2913 etc.
1726 2879 1817 2914 naec
1830 2877 1886 2912 ita
1902 2874 2083 2920 explica:

1195 2929 1300 2966 Tune
1332 2928 1530 2972 (tiliorum
1566 2929 1799 2966 alterutrum
1844 2928 2083 2974 alloquitur,

1196 2981 1261 3016 oui
1278 2982 1555 3018 interminatus
1574 2984 1635 3018 est
1652 2991 1701 3018 ne
1720 2982 1845 3018 oediils
1857 3008 1868 3026 ,
1890 2984 1961 3017 aut
1979 2987 2082 3024 pran-

1198 3035 1262 3070 tor
1280 3035 1407 3072 esset)
1428 3033 1529 3070 bona
1551 3035 1619 3069 tua
1642 3033 1786 3078 perdas
1805 3033 1843 3068 in
1864 3031 2088 3069 dividendis

1198 3084 1341 3129 cicero,
1358 3083 1466 3128 taba,
1482 3087 1555 3122 aut
1566 3085 1724 3131 lupinis,
1742 3084 1877 3130 plebi?
1887 3101 1942 3112 —
1952 3079 2081 3120 Faba.

1200 3137 1331 3181 Cicer,
1354 3136 1534 3181 lupinos,
1568 3136 1701 3182 tabas,
1720 3141 1760 3174 et
1778 3137 1857 3174 alia
1883 3134 2086 3179 legumina

1199 3189 1239 3224 id
1270 3196 1393 3232 genus
1404 3214 1415 3234 ,
1447 3187 1598 3234 populo
1630 3189 1917 3226 distribuebant
1948 3185 2085 3224 sedites

1198 3240 1239 3278 in
1257 3241 1375 3286 ludis,
1393 3241 1562 3277 maximo
1578 3241 1822 3283 Floralibusz
1844 3241 1950 3279 idem
1964 3237 2087 3274 racio-

1196 3295 1295 3332 bant
1307 3294 1421 3337 vulgo
1439 3293 1639 3332 candidati
1650 3320 1663 3341 ,
1683 3297 1728 3332 nt
1740 3293 1879 3341 populi
1898 3289 2087 3334 suffragia

1198 3351 1421 3394 captarent.
