2317 3850
204 94 414 225 dm
800 190 809 197 ,
878 150 1137 193 ΑΡΡεΝυιι
1173 151 1242 193 nr.
1277 149 1386 195 ntts

208 220 418 270 faciunt.
445 219 613 269 Solem
644 218 858 281 AEgyptii
887 221 1079 269 Horum
1102 220 1467 282 appellabant:
1489 218 1682 277 Persae,
1705 221 1956 273 Mithram.
1984 224 2046 276 ln

207 286 367 335 terris
393 299 519 335 vero
548 284 704 335 edere
728 286 889 347 coepit
906 285 1143 342 oracula,
1179 286 1460 348 praesertim
1493 286 1698 349 Delphis
1719 324 1731 343 ,
1762 289 1853 337 ubi
1873 301 2053 341 sacer—

209 350 303 401 dos
332 364 577 414 responsa
606 351 762 401 dabat
796 352 1022 401 insidens
1049 351 1291 408 cortinae,
1328 350 1436 401 sive
1466 351 1686 414 tripodi,
1724 358 1864 403 tecto
1902 355 2046 418 pelle

208 420 463 479 serpentis
488 416 751 481 PythoniS,
786 417 909 466 olim
936 418 1004 466 ab
1028 417 1262 479 Apolline
1285 416 1541 467 interfecti
1569 418 1806 479 (Metam,
1837 420 1932 471 lib.
1963 422 2040 484 1).

208 483 463 534 Praeterea
498 484 695 533 invenit
729 488 893 533 artem
920 482 1135 533 canendi
1154 520 1168 541 ‚
1207 490 1262 535 et
1299 484 1542 545 Marsyam
1577 490 1806 547 satyrum
1827 523 1838 542 ,
1873 498 1902 535 a
1932 500 2049 549 quo

206 548 379 600 fuerat
395 554 705 614 provocatus
722 587 734 606 ,
754 550 948 599 victum
966 550 1244 603 cantando.
1267 550 1406 599 exuit
1427 551 1565 611 pelle
1587 551 1822 611 metam..
1845 552 1938 608 lib,
1961 553 2044 617 6).

207 616 453 667 Eamdem
478 615 693 666 canendi
720 620 884 665 artem
912 621 967 664 et
991 617 1189 678 poesim
1215 614 1394 665 docuit
1425 616 1594 665 Musas
1611 654 1624 673 ‚
1653 615 1796 667 lovis
1819 623 1874 667 et
1899 620 2041 669 Mne-

207 695 447 745 mosynes
466 682 614 731 filias.
638 682 827 731 Novem
848 686 1211 732 recensentur:
1235 680 1478 743 Calliope.
1499 682 1624 740 clio,
1648 682 1820 740 Erato,
1841 684 2042 743 Thalia,

208 747 539 811 Polyhymnia
559 786 571 805 ,
609 748 790 797 Urania
809 785 821 803 ,
862 748 1177 811 Melpomene
1195 786 1208 805 ‚
1243 747 1576 811 Terpsichore
1595 786 1609 805 ‚
1637 748 1882 811 Euterpe.
1915 750 2039 801 Par·

206 826 422 864 nassumr
464 827 565 863 una
605 826 724 863 cum
761 813 991 875 Apolline
1032 814 1326 864 incolebant
1370 814 1618 876 (Melam,
1656 814 1747 865 lib.
1786 816 2045 878 5).1nter

205 879 453 942 Apollinis
490 878 622 930 filios
662 877 958 930 celebratur
1007 879 1296 937 Phaethon,
1340 880 1432 942 qui
1478 887 1747 943 paternum
1790 894 2035 942 currum.

207 951 409 996 temere
438 945 720 1009 expetitum
737 983 750 1002 ,
772 958 936 1009 quum
963 946 1098 997 male
1122 952 1333 1009 regeret
1349 984 1362 1001 .
1386 959 1414 995 a
1433 947 1559 996 Jove
1582 959 1888 1010 percussuS,
1911 954 1965 998 et
1981 948 2038 999 in

206 1011 485 1063 Eridanum
510 1012 815 1062 deturbatus
840 1018 938 1062 est.
960 1012 1081 1075 Eius
1107 1024 1313 1063 sorores
1343 1011 1581 1063 Heliades
1609 1014 1661 1061 in
1679 1013 1898 1077 populos
1920 1027 2033 1065 mu·

205 1084 326 1127 tatae
349 1079 580 1141 (Metam,
606 1077 697 1128 lib.
723 1078 806 1140 2).

273 1145 412 1195 Inter
444 1144 688 1207 Apollinis
722 1143 915 1194 liberos
946 1143 1177 1193 nonnulli
1209 1150 1482 1193 numerant
1509 1145 1772 1195 Auroram.
1801 1144 1921 1195 Haec
1949 1145 2036 1195 ’ri-

207 1209 447 1267 thonum,
480 1209 835 1261 Laomedontis
858 1208 1024 1260 filium
1041 1248 1054 1268 ‚
1090 1209 1273 1259 babuit
1301 1209 1356 1260 in
1377 1208 1704 1259 matrimonio
1721 1248 1734 1267 .
1759 1209 1912 1272 eique
1935 1212 2036 1262 im·

206 1277 570 1326 mortalitatem
600 1289 629 1325 a
652 1277 779 1327 Jove
806 1276 1126 1339 impetrarim
1158 1287 1256 1325 nec
1283 1280 1450 1325 tamen
1477 1275 1712 1325 obtinere
1741 1277 1940 1341 potuit,
1965 1291 2038 1329 ne

206 1348 520 1393 senesceret.
542 1344 722 1405 ltaque
738 1344 883 1393 senio
902 1343 1093 1392 fractus
1112 1380 1125 1399 ,
1145 1343 1198 1391 in
1213 1340 1438 1391 cicadam
1454 1347 1514 1390 ut
1530 1348 1833 1399 mutaretur,
1855 1356 2044 1395 exora·

205 1408 296 1458 vit.
334 1409 371 1458 E
398 1410 613 1459 Tithono
637 1409 818 1471 genuit
838 1410 1031 1459 Aurora
1052 1408 1389 1464 Memnonem,
1417 1407 1508 1469 qui
1530 1408 1726 1457 Priamo
1745 1408 2036 1471 suppetias,

204 1474 258 1523 in
282 1475 485 1536 troJ’ano
504 1475 645 1525 bello
659 1512 671 1531 ,
699 1474 835 1524 tulit.
874 1475 945 1523 Ab
966 1474 1160 1524 Achille
1189 1474 1492 1524 interfectus
1507 1512 1519 1531 ,
1541 1487 1571 1523 a
1591 1481 1755 1525 matre
1771 1475 2042 1529 diuturnis

204 1540 431 1591 lacrimis
449 1579 461 1598 ,
495 1553 611 1603 quae
643 1552 814 1590 rorem
846 1540 1071 1591 effecere
1089 1578 1103 1597 ,
1136 1540 1434 1604 deploratus
1461 1546 1566 1596 cst,
1591 1546 1644 1588 et
1663 1553 1728 1591 ex
1759 1540 1874 1603 ejus
1902 1554 2042 1605 rogo

204 1611 339 1657 natae
360 1618 480 1656 aves
501 1606 845 1656 Memnonides
871 1607 1103 1669 (Metam,
1129 1606 1222 1656 lib.
1251 1606 1351 1668 ¹5).
1375 1605 1455 1655 llli
1469 1610 1692 1671 ,statuam
1712 1605 1924 1668 AEgyptii
1943 1620 2040 1669 po·

205 1679 434 1729 sueram,
450 1685 585 1734 quae,
607 1671 729 1721 solis
744 1672 953 1722 orientis
980 1672 1292 1736 primoribus
1314 1671 1472 1723 radiis
1488 1672 1608 1730 icta,
1627 1684 1809 1723 sonum
1827 1684 2040 1729 cauom

205 1737 322 1789 voci
346 1738 567 1789 similem
594 1737 753 1789 edere
771 1738 1081 1800 jactabatur.

884 1873 1041 1923 Carm-
1070 1872 1147 1923 vl.
1185 1872 1358 1922 Dum.

273 2005 429 2056 Diana
448 2044 461 2063 ‚
492 2019 642 2057 soror
669 2005 939 2069 Apollinis,
967 2007 1149 2057 eadem
1171 2007 1222 2056 in
1247 2009 1380 2058 coelo
1404 2007 1568 2062 Luna.
1597 2007 1650 2057 in
1672 2007 1826 2058 terris
1853 2007 2034 2068 Diana,

204 2071 260 2122 iu
279 2072 459 2122 inferis
476 2073 693 2128 Hecate,
715 2072 998 2123 dicebatur.
1022 2074 1149 2124 Hinc
1171 2073 1416 2124 triformis
1440 2072 1556 2124 diva
1572 2111 1584 2130 ,
1611 2073 1800 2137 triceps
1820 2075 2033 2136 Hecate,

208 2150 237 2186 a
281 2138 446 2201 poetis
478 2143 823 2200 nuncupatur.
855 2139 1116 2188 Venationi
1148 2141 1430 2203 praesertim
1461 2139 1663 2190 addicta
1700 2142 2034 2195 venatoribus

204 2203 433 2266 praet‘uit.
453 2203 641 2255 Eadem
660 2203 999 2268 virginitatem
1020 2213 1274 2268 perpetuo
1293 2206 1477 2263 coluit.
1501 2212 1556 2256 et
1577 2208 1862 2258 Actaeonem
1883 2220 2038 2258 vena-

202 2275 394 2328 torem,
416 2269 555 2334 quod
579 2271 633 2321 in
652 2283 793 2327 eum,
816 2270 907 2320 ubi
924 2285 983 2321 se
1000 2284 1119 2321 cum
1144 2271 1377 2334 nymphis
1398 2272 1617 2331 lavabat,
1640 2274 1808 2324 locum
1843 2273 2042 2336 impru-

204 2334 336 2385 dens
360 2336 609 2394 venisset‚
637 2335 852 2386 mutavit
877 2336 927 2386 in
954 2350 1167 2388 cervum
1197 2339 1429 2400 (Metam,
1456 2338 1548 2388 lib.
1574 2338 1654 2398 3).
1679 2339 1882 2400 insigne
1908 2345 2036 2388 tem·

206 2401 351 2464 plum
368 2401 546 2452 habuit
560 2402 745 2466 Ephesi
760 2441 773 2460 ,
796 2408 850 2453 et
868 2403 1005 2454 inter
1020 2410 1222 2467 septem
1242 2404 1384 2454 orbis
1399 2403 1648 2453 miracula
1667 2409 1996 2452 numeratum
2013 2417 2033 2453 ε

206 2479 345 2516 aram
375 2479 587 2530 quoque
612 2469 666 2519 in
690 2469 901 2520 Taurica
932 2470 1252 2521 Chersoneso
1271 2507 1284 2527 ,
1318 2468 1381 2518 ad
1415 2469 1630 2518 Pontum
1661 2467 1910 2516 Euxinum
1930 2503 1943 2522 ‚
1978 2467 2038 2518 in

206 2545 311 2596 qua
333 2533 431 2596 ipsi
464 2534 696 2585 homines
721 2535 1143 2597 immolabantur,
1176 2533 1462 2598 praesertim
1485 2535 1531 2582 si
1557 2533 1647 2595 qui
1676 2531 1940 2594 naufragio
1965 2533 2038 2584 ad

204 2597 329 2649 istas
353 2611 473 2650 oras
494 2600 645 2663 ejecti
667 2601 902 2652 fuissent.

830 2730 987 2779 caru-r
1016 2727 1118 2780 vll.
1154 2727 1396 2778 BAccnus.

271 2848 474 2914 Jupiter
511 2863 542 2900 e
582 2848 786 2900 Semele
826 2846 1055 2908 suscepit
1089 2843 1342 2896 Bacchum
1361 2885 1374 2904 ‚
1405 2858 1562 2910 quem
1600 2849 1838 2900 narrant.
1871 2855 2038 2906 quum

204 2921 325 2966 ante
351 2923 559 2980 tempus
594 2916 647 2966 in
678 2917 845 2965 lucem
875 2911 1117 2970 exiisset,
1156 2912 1410 2964 insertum
1449 2912 1609 2963 fuisse
1638 2911 1779 2962 Jovis
1814 2907 2039 2967 femori,

202 2980 372 3032 donec
388 2994 593 3033 menses
613 2979 829 3042 legitimi
850 2983 1028 3042 partus
1044 2978 1388 3041 implerentur
1407 2979 1641 3041 (Melam.
1664 2976 1756 3028 lib.
1778 2977 1849 3038 4).
1873 2975 2040 3025 AEtate

240 3050 499 3101 revectior
523 3045 815 3110 peragravit
830 3043 1013 3096 orbem
1032 3051 1309 3102 terrarum,
1327 3045 1500 3109 deque
1520 3044 1662 3095 India
1677 3041 2038 3105 triumphavit.

202 3060 467 3168 fuvenisse
496 3113 669 3163 vinum
700 3109 886 3166 fertur.
917 3109 1075 3173 eique
1104 3124 1262 3175 caper
1285 3112 1668 3167 immolabatur,
1699 3109 1822 3172 quia
1857 3107 2040 3157 vitium

203 3192 434 3242 gemmas
461 3177 674 3228 arrodit.
700 3176 902 3227 Primus
924 3179 1077 3228 etiam
1104 3184 1279 3228 aratro
1303 3178 1462 3230 boves
1486 3175 1819 3238 subjunxisse
1845 3186 2048 3224 memo·

203 3252 352 3296 ratur
369 3262 381 3295 :
400 3256 552 3306 quani
574 3243 641 3293 ob
657 3255 863 3292 causam
878 3243 992 3306 ejus
1010 3244 1166 3308 capiti
1185 3243 1459 3308 affiguntur
1474 3255 1688 3298 cornua,
1709 3254 1826 3303 quae
1842 3238 2048 3303 pariter

202 3309 431 3360 indicant
450 3309 612 3359 robur
630 3315 683 3359 et
696 3309 961 3367 audaciam
980 3311 1201 3362 ebriosis
1219 3310 1542 3360 familiarem.
1561 3308 1714 3357 Sacra
1735 3306 1810 3356 illi
1825 3317 2045 3368 quoque

180 3373 428 3428 -bedera.
465 3373 585 3437 quia
616 3375 718 3424 vini
748 3374 917 3430 fumos
948 3378 1119 3429 nativo
1155 3374 1346 3439 frigore
1383 3374 1645 3424 discutere
1684 3371 1934 3422 creditur.
1968 3370 2046 3422 Ea

202 3438 491 3490 involutum
514 3446 572 3490 et
596 3442 851 3506 pampinis
871 3443 1102 3506 jaculum
1130 3443 1365 3507 gestabat
1383 3477 1396 3497 .
1435 3453 1594 3505 quem
1620 3439 1856 3504 thyrsum
1877 3449 2048 3488 ⁴voca-
