2317 3850
813 132 1193 179 nrisToLARun
1226 132 1384 177 LIBER
1412 132 1456 175 1.

1949 106 2063 183 295

353 212 474 270 Sub
501 211 640 269 duce
657 252 675 277 ‚
703 210 802 281 qui
831 210 1058 280 templis
1080 208 1413 265 Parthorum
1444 206 1609 277 signa
1636 198 1824 262 refixit

353 284 434 343 Et
454 296 632 350 nunc,
659 282 710 338 si
734 282 873 352 quid
897 282 1084 346 abest,
1115 280 1271 337 italis
1290 278 1573 347 adjudicat
1591 276 1785 333 armis,

351 356 436 415 Ac
452 396 470 422 ,
504 366 574 409 ne
597 358 651 409 te
679 354 931 409 retrahas
946 394 962 419 ‚
986 358 1045 409 et
1065 348 1467 406 inexcusabilis
1488 346 1677 403 abstes
1694 387 1712 413 ,

355 424 625 494 Quamvis
654 424 735 479 nil
758 428 912 479 extra
939 435 1231 479 numerum
1258 419 1457 477 fecisse
1477 461 1491 485 ,
1520 419 1860 489 modumque

253 495 330 557 60
362 497 578 562 Curas,
606 494 889 550 interdum
915 494 1305 564 nugarisrure
1330 495 1583 561 paterno.

355 566 609 624 Partitur
631 564 836 620 lintres
863 564 1141 620 exercitus
1161 583 1177 619 z
1196 561 1341 618 actia
1369 573 1554 632 pugna
1572 601 1589 625 ,

355 637 434 693 Te
457 637 627 702 duce,
657 648 756 705 per
783 648 992 704 pueros
1016 633 1215 691 hostili
1236 645 1391 690 more
1421 629 1679 687 refertur.

356 706 733 765 Adversarius
762 710 849 761 est
874 704 1087 761 frater:
1115 704 1299 770 lacus,
1329 702 1502 759 Adria
1535 723 1549 757 z
1575 702 1753 759 donec

356 776 710 835 Alterutrum
731 776 895 831 velox
917 775 1150 831 victoria
1174 772 1371 830 fronde
1395 774 1643 829 coronet.

253 848 327 911 65
363 848 697 906 Consentire
725 847 846 903 suis
870 846 1078 903 studiis
1103 844 1203 914 qui
1224 843 1528 901 crediderit
1551 846 1606 898 te
1624 884 1641 910 ,

362 918 576 976 Fautor
603 922 842 987 utroque
866 923 1025 973 tuum
1053 915 1309 973 laudabit
1330 914 1530 985 pollice
1556 912 1775 969 ludum.

432 988 700 1046 Protinus
726 994 790 1045 ut
815 1000 1064 1044 moneam
1089 986 1179 1055 (si
1202 986 1338 1055 quid
1372 984 1667 1041 monitoris
1694 994 1825 1053 eges
1846 983 1911 1039 tu
1931 982 1983 1051 )‚

367 1059 518 1129 Quid
545 1060 611 1116 de
639 1071 864 1128 quoque
891 1059 1014 1114 viro
1038 1100 1053 1125 ,
1081 1063 1138 1113 et
1163 1058 1255 1113 cui
1284 1056 1437 1111 dicas
1454 1097 1469 1122 ,
1496 1068 1641 1123 saepe
1667 1055 1875 1110 videto.

363 1131 810 1188 percontatorem
837 1127 1046 1198 rugum
1080 1140 1206 1182 nam
1236 1126 1499 1197 garrulus
1524 1125 1671 1180 idem
1696 1128 1821 1189 est;

251 1202 334 1265 70
374 1203 486 1258 Nec
523 1201 770 1257 retinent
791 1201 996 1269 patulae
1021 1198 1320 1253 commissa
1345 1194 1581 1251 fideliter
1608 1208 1798 1259 aureS‚

366 1272 442 1329 Et
464 1272 633 1328 semel
663 1270 929 1327 emissum
951 1268 1105 1325 volat
1128 1264 1488 1323 irrevocabile
1512 1265 1762 1320 verbum.

363 1342 594 1413 Qualem
607 1341 978 1406 commendeS‚
997 1340 1163 1395 etiam
1180 1343 1348 1407 atque
1367 1336 1532 1391 etiam
1556 1334 1781 1405 adspice
1800 1346 1909 1399 ;.ne
1925 1345 2053 1391 mox

365 1413 654 1471 Incutiant
679 1412 858 1468 aliena
889 1411 992 1466 tibi
1021 1415 1244 1480 peccata
1272 1407 1561 1477 pudorem.

362 1484 650 1550 Fallimur,
675 1486 733 1539 et
755 1481 1035 1553 quondam
1065 1492 1175 1536 non
1204 1480 1437 1549 dignum
1465 1475 1760 1533 tradimus,
1789 1472 1977 1547 Erg0‚

251 1555 334 1618 75
366 1555 543 1623 Quem
569 1568 672 1610 sua
694 1554 860 1623 culpa
883 1556 1132 1623 premet,
1154 1550 1422 1619 deceptus
1448 1546 1643 1604 omitte
1672 1546 1820 1601 tueri
1844 1564 1860 1613 ;

368 1624 445 1682 Ut
472 1626 698 1695 penitus
724 1628 918 1680 notum
939 1664 954 1689 ,
985 1622 1034 1677 si
1061 1624 1281 1677 tentent
1304 1618 1565 1685 crimina,
1592 1628 1815 1685 serveS,

370 1696 712 1764 'tuterisque
734 1698 834 1750 tuo
861 1693 1121 1748 fidentem
1143 1688 1410 1761 praesidio
1439 1708 1453 1745 ε
1488 1686 1589 1757 qui

368 1766 550 1821 Dente
579 1765 846 1819 theonino
875 1776 1048 1831 quum
1077 1759 1529 1825 circumroditur,
1555 1755 1755 1827 ecquid

370 1833 456 1889 Ad
486 1838 542 1891 te
571 1838 699 1902 post
724 1832 888 1903 paulo
910 1838 1147 1886 ventura
1176 1830 1425 1901 pericula
1452 1828 1673 1885 sentis?

257 1902 340 1968 80
372 1904 514 1963 Nam
543 1910 637 1961 tua
667 1916 759 1961 res
786 1902 1000 1974 agitur,
1025 1902 1212 1973 paries
1238 1914 1411 1974 quum
1438 1898 1727 1972 proximus
1756 1896 1953 1970 ardet3

221 2038 412 2080 cubrico.
431 2039 618 2078 Cantabri
637 2039 732 2076 sunt
746 2033 943 2082 uispaniae
960 2031 1116 2081 populi.
1170 2033 1279 2070 illins
1294 2039 1457 2078 quoquo
1489 2028 1775 2073 occupationes
1787 2053 1799 2073 ,
1817 2035 1857 2064 v.
1878 2033 1920 2070 s.
1940 2031 2059 2062 vena·

221 2095 331 2141 Vide
354 2095 460 2132 oden
481 2096 498 2130 1
517 2121 527 2139 ,
552 2092 644 2130 libr.
669 2095 712 2128 2.

283 2159 357 2194 56.
381 2151 464 2192 Sub
493 2152 616 2191 duce.
657 2153 849 2196 Augusto.
869 2163 924 2177 -
941 2142 1116 2194 Refixit.

225 2207 422 2249 nevulsit.
446 2207 546 2246 Vide
567 2206 670 2242 oden
687 2207 760 2249 15,
783 2203 874 2240 libr.
899 2203 940 2236 1».

285 2273 356 2307 57.
383 2265 522 2306 Abest.
548 2266 792 2306 Vincendum
807 2265 947 2300 restat.
968 2277 1024 2290 --
1040 2257 1122 2297 Act-

211 2319 416 2373 judt‘cat.
448 2321 569 2366 Quasi
595 2319 679 2357 lata
709 2317 903 2356 sententia
934 2313 1122 2352 Romanis

221 2375 420 2417 attribuit
435 2377 477 2410 et
491 2373 690 2419 adjungit.

285 2439 356 2474 ss.
385 2432 606 2472 Reti-ahos.
634 2437 689 2472 No
717 2433 769 2470 ab
805 2429 934 2468 amico
965 2427 1122 2475 potenti

223 2489 438 2533 discedas,
465 2491 504 2526 te
520 2495 747 2530 removeas,
785 2487 938 2521 etcum
962 2482 1122 2519 deseras

227 2543 369 2582 venari
385 2541 578 2578 volentem
593 2569 602 2586 ,
625 2543 694 2577 aut
711 2537 866 2575 ludicro
892 2535 1013 2572 alicui
1033 2543 1122 2580 spe-

225 2595 394 2636 ctaculo
414 2596 458 2632 et
480 2592 756 2632 exercitationi
779 2588 999 2634 indulgere.

285 2662 355 2697 89.
393 2653 614 2704 Quamvis,
647 2660 729 2694 etc.
771 2653 956 2700 Quamvis
987 2651 1123 2691 omnia

228 2714 330 2758 apto
345 2715 388 2748 et
403 2713 594 2749 concinne
615 2718 729 2753 agere
753 2708 898 2745 soleas.
911 2724 968 2737 -
982 2703 1124 2743 Extra

231 2772 472 2802 nanterum.
499 2764 729 2808 metaphora
747 2761 916 2799 sumitur
939 2768 964 2796 a
980 2760 1126 2798 saltan-

235 2817 343 2854 tibus
358 2818 428 2855 aut
451 2818 698 2855 canentibus.

291 2881 358 2915 ⁶2.
385 2875 596 2928 Refertur.
623 2877 667 2914 id
697 2879 762 2914 cst
776 2903 787 2922 ,
815 2875 1125 2919 repraesentatur

232 2938 373 2969 coram
390 2934 430 2968 te
437 2958 450 2978 ,
477 2940 548 2977 per
567 2934 658 2968 tuos
679 2937 813 2967 sonos
828 2955 838 2974 ‚
862 2935 994 2972 pugna
1011 2933 1121 2962 com·

232 2984 356 3022 missa
388 2984 492 3021 inter
517 2985 736 3030 Augustum
763 2985 806 3018 et
829 2979 1043 3018 Antonium
1071 2977 1125 3015 ad

231 3038 414 3082 Actium,
446 3037 554 3082 Epiri
591 3034 912 3082 promontorium
949 3039 960 3065 ⁸.
989 3031 1126 3067 lintres

233 3091 309 3135 qni
325 3090 475 3128 suntin
488 3089 590 3128 vulin
607 3089 699 3127 lacn
712 3114 723 3134 ,
744 3085 992 3129 dividuntur.
1011 3082 1127 3129 qnasi

231 3143 320 3182 duo
337 3145 469 3181 essent
487 3143 647 3181 navales
667 3141 862 3180 exercitus
873 3163 884 3182 ,
910 3138 991 3173 etc.

292 3206 362 3242 οὓ.
397 3201 702 3247 Adversarius,
743 3202 826 3238 etc.
863 3199 966 3236 Tuus
1001 3194 1130 3232 trater

231 3257 374 3294 {ocum
392 3259 502 3294 tenet
517 3253 756 3300 adversarii,
795 3259 867 3290 sen
894 3247 1070 3288 Antonii.

294 3311 364 3347 ot.
392 3305 572 3346 Fronde.
602 3311 770 3345 Laurea.

293 3365 363 3400 es.
389 3357 656 3407 Consentire,
683 3361 768 3396 etc.
812 3353 1013 3394 sententia
1033 3353 1125 3390 estz

237 3413 278 3451 sl
293 3415 352 3452 vis
373 3414 470 3450 istas
500 3413 674 3450 ludicras
688 3437 698 3457 ,
735 3417 824 3455 quin
845 3408 918 3446 tibi
942 3406 1125 3453 placent,

236 3467 546 3506 exercitationes
587 3465 639 3504 ab
680 3463 810 3502 amico
860 3460 1048 3511 probari,
1084 3458 1131 3496 tu

1172 2087 1345 2133 tionem,
1372 2086 1451 2122 etc.
1466 2109 1479 2130 ,
1513 2081 1668 2129 proba,
1696 2087 1825 2124 neque
1845 2081 1885 2115 tc
1906 2076 2063 2114 retrahe

1174 2139 1225 2176 ab
1258 2137 1326 2176 illo
1345 2166 1356 2185 ,
1389 2143 1513 2182 quum
1550 2135 1741 2178 venatur,
1776 2133 1856 2168 etc.
1882 2147 1940 2157 —
1964 2125 2064 2168 Suis

1175 2188 1343 2228 studiis.
1367 2189 1419 2225 ils
1437 2196 1527 2233 quoe
1550 2188 1680 2230 amat,
1704 2191 1793 2228 qnoe
1814 2182 1961 2220 studet.

1230 2246 1297 2281 66.
1326 2238 1502 2278 Pollice.
1532 2241 1661 2286 Quum
1690 2236 1851 2276 Romani
1881 2235 2066 2270 tat-„taut

1176 2295 1297 2334 alicui
1328 2293 1540 2340 gladiatori
1570 2298 1762 2334 generoso
1782 2289 1823 2325 in
1840 2290 2065 2325 arena¹cer-

1174 2351 1276 2387 tanti
1290 2376 1301 2395 ,
1322 2349 1497 2385 favorem
1528 2343 1800 2388 signincabant
1817 2341 1955 2378 ambos
1972 2338 2060 2386 pol-

1174 2402 1271 2440 lices
1308 2398 1542 2448 premendo.
1586 2397 1733 2434 contra
1776 2401 1895 2439 vcro,
1936 2392 1970 2428 si
1998 2391 2065 2428 cni

1176 2452 1459 2492 essentintensi
1472 2480 1483 2498 ,
1503 2451 1537 2488 si
1555 2456 1675 2495 quem
1694 2447 1822 2486 occidi
1851 2445 2035 2494 iuberent
2050 2471 2062 2492 ,

1176 2509 1345 2546 alterum
1364 2505 1550 2551 pollicem
1566 2502 1783 2540 vertebant.

1232 2564 1297 2598 67.
1350 2556 1564 2597 Protinus.
1622 2556 1814 2592 Praeterea
1838 2578 1849 2598 ,
1898 2551 2033 2589 statim
2052 2577 2064 2597 ,

1178 2613 1363 2657 deinceps
1384 2621 1395 2646 ε
1414 2615 1461 2646 ut
1488 2616 1650 2648 monere
1678 2614 1799 2652 porro
1820 2609 1859 2641 te
1885 2611 2065 2650 persam.

1233 2669 1299 2704 69.
1330 2662 1687 2702 percontatorem.
1718 2659 1881 2698 curiose
1912 2657 1963 2696 de
1980 2665 2067 2695 om·

1178 2719 1293 2758 nibus
1314 2717 1641 2760 interrogantem.

1234 2776 1301 2810 το.
1330 2767 1513 2808 Potula.
1542 2770 1639 2813 Quoe
1672 2766 1819 2804 clausae
1838 2771 1919 2800 non
1949 2765 2067 2809 sunt,

1178 2828 1227 2862 ut
1258 2831 1446 2862 arcanum
1486 2822 1696 2860 retineant.
1737 2836 1793 2848 —
1820 2812 2067 2855 Commissa.

1177 2879 1331 2916 Arcana
1360 2877 1436 2914 sibi
1462 2875 1615 2912 credita
1633 2883 1644 2908 ε
1666 2879 1857 2912 acanum
1878 2879 1970 2908 cnm
1992 2869 2071 2906 tide

1178 2939 1261 2968 non
1278 2931 1447 2968 servant.

1234 2985 1301 3022 vt.
1332 2977 1571 3019 Tradimus.
1602 2975 1949 3014 Commendamus.

1234 3037 1301 3073 w.
1330 3031 1479 3071 Tueri.
1498 3031 1559 3068 llll
1576 3030 1705 3067 favere
1718 3055 1729 3074 ,
1750 3029 1819 3072 qui
1837 3036 1928 3064 reus
1946 3027 2015 3063 sit.

1234 3091 1303 3125 w.
1334 3084 1383 3125 Ut
1400 3081 1589 3133 penitus,
1612 3085 1695 3118 eto.
1715 3083 1767 3119 Ut
1784 3080 1907 3116 alium
1921 3105 1931 3124 ,
1949 3085 2071 3123 quem

1178 3141 1307 3186 probe
1332 3138 1463 3182 noris,
1494 3137 1725 3173 accusatum
1757 3131 1961 3168 defendas.

1236 3195 1301 3230 τε.
1331 3186 1413 3236 ραι·
1446 3186 1572 3226 dente
1596 3213 1606 3232 ,
1642 3188 1723 3224 etc.
1769 3184 1845 3230 Qui
1883 3185 2072 3220 innocens

1181 3251 1273 3282 cum
1309 3241 1503 3280 maledico
1534 3240 1651 3276 dente
1684 3238 1861 3282 carpitur
1878 3262 1889 3282 ,
1911 3243 1963 3273 an
1988 3243 2071 3272 non

1180 3297 1290 3334 vides
1330 3299 1371 3332 te
1402 3301 1565 3339 qnoque
1598 3289 1814 3336 periclitari
1839 3315 1850 3334 ,
1887 3291 1929 3326 tc
1964 3285 2073 3326 brevi

1182 3349 1291 3388 idem
1302 3347 1523 3394 periculum
1536 3341 1765 3382 aditurum?
1776 3359 1825 3369 —
1840 3338 2072 3379 Theonino.

1182 3404 1317 3442 Theon
1347 3400 1424 3438 tuit
1443 3401 1563 3446 poeta
1594 3404 1772 3443 crocus,
1800 3395 1975 3433 ramosus
1996 3393 2070 3430 ob-

1186 3456 1397 3494 ῑῐθῦωωΐι
