2317 3850
249 137 420 228 xxffx
901 167 1165 211 arreumx
1200 167 1268 210 m:
1306 168 1415 211 nus

251 248 390 301 erat,
424 243 632 294 donavit
659 243 978 302 Philoctetae,
1004 245 1217 294 Paeantis
1243 243 1365 294 lilio.
1392 243 1703 294 Philoctetes
1728 242 1847 294 illas
1872 245 2093 308 Troiam

253 311 450 365 attulit.
477 311 542 360 ab
567 310 740 374 Ulysse
759 310 1040 373 perductus
1063 311 1295 371 (Metam,
1316 311 1407 360 lib.
1438 311 1539 371 13).
1558 311 1781 359 Censent
1796 312 1989 362 eruditi
2002 319 2093 364 tot

252 387 342 426 res
357 376 602 440 praeclare
621 383 794 439 gestas
815 389 1145 440 nequaquam
1161 389 1279 426 esse
1306 376 1459 426 unius
1485 375 1722 426 Herculis
1735 414 1747 432 .
1770 376 1863 426 sed
1886 379 2051 429 multo
2066 405 2093 420 -

253 455 399 499 rum,
421 441 509 504 qui
528 442 710 493 eodem
729 443 934 499 nomine
948 481 961 499 ,
984 455 1089 492 non⁴
1115 441 1301 492 eodem
1324 442 1439 492 loco
1462 455 1523 491 ac
1541 447 1778 504 tempore
1794 481 1806 498 ‚
1827 442 2049 495 vixerint
2070 461 2091 498 z

251 521 315 559 ac
343 507 474 558 duos
498 509 781 572 praesertim
818 513 1075 565 statuunt,
1110 509 1332 558 alterum
1364 507 1609 570 Libycum
1627 546 1640 564 ,
1674 508 1758 557 cui
1782 507 2095 561 adscribunt

251 587 477 637 pugnam
504 587 620 624 cum
652 576 848 628 Antaeo,
880 587 999 624 cnm
1021 575 1279 637 Geryone.
1305 587 1423 624 cum
1446 573 1672 624 dracone
1703 575 1981 637 flerperioe
2006 577 2089 625 di·

251 640 460 690 ductam
485 639 694 690 Africam
731 641 796 691 ab
819 639 1052 703 Hispania
1067 679 1079 699 ,
1104 640 1334 690 immisso
1352 639 1490 689 freto
1512 640 1782 702 gaditano:
1806 645 1885 697 et.
1912 643 1956 690 si
1980 655 2089 704 qua

252 711 376 756 sunt
406 705 503 756 alia
526 711 670 769 gesta
703 719 796 768 per
826 706 1039 756 Africam
1063 712 1117 756 et
1140 707 1433 769 Hispaniam
1457 722 1468 754 :
1495 707 1721 756 alterum
1748 706 2047 758 Thebanum
2067 746 2083 766 ,

251 772 339 821 cui
364 772 563 834 reliqua
591 771 812 822 facinora
852 773 1088 822 tribuunt
1124 785 1221 837 per
1248 772 1513 823 Arcadiam
1534 811 1547 830 ,
1583 773 1995 835 Peloponnesum
2030 779 2089 824 et

253 837 522 902 Phrygiam
536 876 548 896 ‚
572 851 766 902 sparsa.

879 939 1040 990 (ζου-ι’
1061 939 1158 990 XVI
1170 977 1184 990 .
1220 940 1460 992 Theseus.

317 1084 566 1141 Theseus,
597 1083 752 1148 AEgei,
775 1084 912 1147 regis
932 1083 1332 1141 Atheniensium,
1357 1083 1511 1140 tilius,
1533 1085 1743 1135 Herculi
1760 1085 2083 1148 propinquus

251 1155 490 1214 tempore
509 1156 564 1200 et
575 1151 1016 1214 consanguinitate
1032 1149 1146 1200 fuit.
1168 1151 1290 1213 Ejus
1306 1149 1556 1201 fortitudo
1575 1151 1741 1201 eluxit
1754 1189 1767 1208 .
1796 1153 2083 1214 praesertim

251 1215 307 1265 in
329 1216 597 1267 domandis
618 1217 872 1280 tyrannis,
895 1229 955 1267 ac
980 1215 1207 1280 dynastis
1222 1255 1234 1274 ,
1257 1216 1349 1280 qui
1369 1217 1652 1279 potentiam.
1672 1229 1819 1268 suam
1839 1218 2087 1270 vexandis

253 1279 575 1339 bominibus,
606 1289 660 1333 et
683 1283 886 1346 publica
910 1283 1211 1334 infelicitate
1234 1282 1580 1334 metiebantur
1601 1283 1846 1346 (Metam,
1880 1283 1970 1334 lib.
2004 1284 2079 1344 7).

250 1348 387 1398 Talis
421 1356 534 1400 erat
558 1350 734 1400 Sciron
750 1388 762 1408 ,
798 1350 889 1413 qui
916 1355 1289 1414 praetereuntes
1306 1349 1359 1401 in
1376 1360 1519 1399 mare
1547 1349 1933 1412 praecipitabatt
1963 1351 2085 1401 talis

251 1413 523 1465 Procnstes
539 1454 552 1472 ,
577 1416 668 1478 qui
690 1416 916 1478 hospites
939 1417 990 1464 in
1013 1428 1109 1465 sno
1132 1416 1293 1478 ipsius
1316 1415 1453 1465 lecto
1476 1415 1766 1472 sternebat,
1792 1414 1961 1478 iisque
1986 1430 2082 1478 pe·

251 1480 378 1530 dum
405 1489 628 1544 partem.
657 1495 774 1544 quae
795 1480 1006 1531 modum
1026 1481 1146 1532 lecti
1166 1481 1444 1531 excederet
1460 1518 1472 1536 .
1494 1481 1823 1544 amputabat:
1844 1488 1932 1532 aut
1952 1483 2085 1533 actis

252 1545 307 1595 in
347 1546 549 1597 diversa
593 1546 742 1610 equis
786 1547 1006 1596 miseros
1047 1547 1384 1596 distrahebat.
1421 1547 1535 1598 lstis
1577 1547 1794 1609 aliisque
1834 1547 1884 1596 id
1913 1559 2083 1608 genus

251 1610 562 1674 profligatis,
602 1613 667 1661 ad
707 1619 935 1661 monstra
969 1624 1182 1675 quoque
1216 1611 1524 1662 debellanda
1560 1625 1713 1664 curas
1746 1611 2081 1674 animumque

253 1677 428 1727 vertit.
448 1677 560 1726 Tria
589 1677 844 1740 praecipue
864 1677 1106 1726 sustulit:
1137 1683 1347 1728 taurum
1369 1678 1672 1737 immanem,
1704 1678 1793 1742 qui
1816 1678 2075 1728 maratho·

252 1742 398 1793 nium
419 1755 600 1804 agrum
633 1742 768 1792 t'oeda
787 1743 1114 1805 populatione
1141 1743 1491 1802 deformabat;
1515 1758 1695 1808 aprum
1722 1743 2075 1808 calydonium,

252 1808 324 1858 ab
347 1808 480 1858 irata
505 1809 658 1860 Diana
683 1807 966 1858 immissum
995 1809 1046 1858 in
1067 1810 1297 1860 AEtoliam
1333 1811 1577 1874 (Metam.
1602 1811 1694 1861 lib.
1719 1811 1809 1872 8);
1838 1816 1893 1860 et
1922 1811 2079 1860 Mino·

249 1880 488 1930 taurum,
515 1879 799 1924 monstrum
819 1887 881 1924 ex
903 1875 1107 1927 homine
1126 1882 1383 1941 tauroque
1402 1878 1701 1935 conflatum,
1730 1877 1814 1927 cui
1832 1876 2085 1927 devoran-

249 1939 350 1989 dos
373 1940 577 1991 mittere
599 1941 874 2003 quotannis
895 1948 1092 2003 septem
1120 1956 1310 2007 pueros
1328 1982 1340 2000 .
1372 1950 1513 1995 sorte
1536 1945 1723 1998 lectos,
1757 1942 2079 2003 cogebantur

249 2006 615 2065 Atheniensem
641 2006 734 2057 hac
758 2020 848 2057 eos
873 2020 1022 2071 poeua
1045 2009 1208 2059 victor
1226 2011 1403 2064 Minos.
1427 2022 1519 2059 rex
1538 2010 1715 2062 Cretae.
1736 2006 1885 2067 cujus
1912 2006 2078 2060 tilium

251 2070 579 2133 Androgeum
597 2072 962 2124 interfecerant
974 2114 986 2131 ‚
1009 2076 1347 2126 mulctaverat
1368 2076 1597 2137 (Metam,
1613 2072 1701 2119 lib.
1720 2070 1791 2133 8).

319 2138 537 2188 incessit
549 2138 802 2189 Theseum
823 2141 1010 2204 cupido
1031 2141 1299 2192 Minotauri
1316 2137 1611 2193 occidendi:
1629 2136 1768 2188 venit
1784 2136 1837 2187 in
1848 2136 2073 2193 Cretam.

250 2208 334 2260 et.
360 2210 592 2254 monstro
615 2212 909 2271 perempto.
944 2208 1118 2257 Minois
1153 2208 1307 2259 [iliam
1331 2207 1579 2258 Ariadnen
1597 2246 1609 2263 .
1630 2205 1779 2268 cujus
1803 2215 1901 2267 ope
1930 2202 2075 2265 laby-

251 2268 410 2319 rinthi
431 2271 674 2335 ambages
697 2274 1038 2337 explicuerat.
1061 2288 1237 2325 secum
1262 2275 1509 2326 abstulit:
1531 2286 1646 2324 eam
1670 2278 1869 2327 tamen.
1894 2270 2077 2319 imme·

251 2346 368 2385 mor
383 2336 622 2389 beneficii
636 2377 648 2395 .
672 2339 902 2391 deseruit
918 2341 969 2389 in
990 2340 1156 2390 insula
1177 2342 1348 2391 Naxo:
1373 2340 1669 2389 destitutam
1690 2338 1912 2387 Bacchus
1930 2335 2079 2385 duxit

255 2400 490 2459 (Melana.
518 2405 608 2454 lib.
631 2406 702 2469 8).
730 2407 904 2464 Navis,
929 2420 1029 2469 qua
1052 2407 1337 2457 vehebatur
1356 2405 1406 2453 in
1426 2406 1627 2452 Cretam
1646 2404 1892 2453 Theseus,
1916 2400 2079 2473 nigris

248 2465 502 2521 instructa
537 2472 664 2521 velis
697 2479 839 2529 erat,
877 2472 1132 2523 mutandis
1157 2474 1207 2519 in
1247 2471 1389 2523 alba,
1422 2467 1463 2516 si
1499 2480 1609 2515 rem
1638 2467 1773 2515 bene
1807 2470 2073 2538 gessisset.

252 2533 448 2585 Mutare
473 2549 574 2586 non
608 2538 864 2592 meminit,
902 2538 1068 2587 elatus
1105 2536 1277 2584 laetitia
1308 2532 1546 2582 victoriae.
1572 2534 1635 2578 At
1670 2530 1885 2589 AEgeuS,
1916 2530 2078 2588 nigris

251 2602 384 2650 velis
405 2601 609 2649 eminus
636 2601 1165 2663 adspectis‚.periisse
1193 2600 1351 2647 tilium
1386 2602 1531 2646 ratus
1553 2634 1566 2649 .
1602 2595 1654 2643 iu
1676 2606 1817 2643 mare
1846 2606 1904 2643 se
1931 2594 2080 2646 dedit

251 2665 570 2727 praecipitem
587 2702 600 2720 ,
625 2672 679 2713 et
701 2688 720 2713 t
739 2668 866 2715 ’σκετο
885 2666 1012 2713 mari
1029 2676 1223 2715 nomen
1245 2663 1386 2713 fecit.
1416 2660 1695 2715 Pirithous,
1721 2659 1995 2710 Thessaliae
2023 2662 2076 2712 in

248 2730 435 2780 eadem
461 2729 651 2779 Graecia
677 2742 792 2787 rex.
819 2743 1067 2780 accensus
1093 2728 1309 2783 invidia,
1335 2728 1405 2776 ob
1439 2738 1525 2775 res
1554 2725 1799 2789 praeclare
1826 2739 1855 2775 a
1876 2726 2077 2779 Theseo

247 2801 449 2856 gestas,
475 2794 592 2856 eius
617 2794 880 2857 regionem
906 2793 1102 2844 infestis
1129 2794 1285 2843 armis
1312 2792 1616 2848 incursavit.
1644 2798 1702 2843 ut
1728 2792 1790 2843 ad
1812 2792 2075 2853 singulare

247 2868 513 2910 certamen
529 2860 674 2911 illum
694 2862 923 2912 eliceret.
946 2861 1048 2909 Nec
1066 2859 1325 2909 recusavit
1345 2858 1592 2909 Theseus.
1618 2858 1717 2909 Sed
1736 2859 1828 2909 ubi
1851 2859 2073 2922 primum

247 2933 334 2975 est
360 2934 694 2988 conspectuS‚
732 2928 1011 2977 Pirithoum
1045 2925 1150 2974 oris
1176 2924 1450 2987 dignitate.
1485 2926 1724 2976 comitate
1750 2924 1967 2979 indolis.
2000 2926 2074 2974 ita

249 2991 483 3042 devinxit
505 2992 606 3043 sihi
625 3028 638 3048 ‚
668 2999 728 3041 ut
759 3007 902 3043 amor
929 2991 1130 3041 invidiae
1170 2992 1341 3041 locum
1368 2993 1724 3055 occupaverit,
1756 2998 1811 3041 et
1838 2990 2035 3041 animos
2054 3026 2072 3046 .

246 3062 405 3120 atque
432 3071 576 3110 arma
593 3098 606 3116 ,
629 3065 822 3109 aeterno
845 3058 1041 3109 soedere
1061 3058 1219 3108 anibo
1229 3057 1509 3118 junxerint.
1540 3059 1644 3109 Nec
1668 3058 1757 3107 diu
1780 3062 2074 3119 exspectata

243 3122 346 3174 fuit
379 3124 582 3176 occasio
615 3126 850 3175 amicitiae
893 3123 1197 3175 sanciendae.
1226 3125 1461 3175 Centauri
1492 3138 1611 3175 cum
1644 3123 1819 3173 vicinis
1855 3122 2076 3183 Lapithis

244 3187 444 3241 invitati
485 3192 550 3243 ad
590 3192 794 3255 nuptias
834 3190 1044 3241 Pirithoi
1081 3197 1136 3239 et
1187 3190 1533 3254 Hippodamiae
1550 3228 1563 3248 .
1608 3197 1875 3241 moverant
1910 3189 2073 3239 rixam

243 3257 518 3306 temulenti
535 3296 548 3313 ,
575 3265 628 3307 et
655 3259 912 3319 ingentem
945 3257 1271 3321 Lapitharum
1300 3260 1493 3308 caedem
1522 3256 1801 3307 ediderunt
1828 3255 2072 3316 (Metam,

241 3319 337 3370 lib.
377 3320 495 3383 12).
531 3324 686 3373 Erant
715 3324 952 3374 Centauri
983 3325 1189 3387 equites
1226 3324 1356 3375 adeo
1393 3324 1617 3379 strenui,
1650 3328 1710 3372 ut
1744 3320 2075 3371 sedentcsiu

243 3398 404 3446 equo.
431 3400 590 3435 unum
616 3401 734 3439 cum
759 3403 824 3440 eo
844 3403 1032 3455 corpus
1055 3392 1281 3441 conflare
1299 3390 1619 3441 viderentur.
1644 3389 1853 3439 Illorum
1879 3390 2078 3447 protere

243 3449 378 3499 viam
396 3464 457 3501 ac
481 3452 747 3515 libidinem
769 3456 1050 3517 PirithouS,
1071 3458 1271 3509 Theseo
1290 3455 1563 3521 adim-ante
1577 3494 1591 3514 ‚
1611 3456 1754 3505 ultus
1774 3458 1881 3509 est,
1905 3455 1965 3500 ut
1983 3464 2078 3512 par
