2317 3850
243 122 245 124 ,
331 69 458 125 nd
473 78 540 144 ιιι
1194 126 1203 134 .

297 149 432 196 ΠΝ
946 150 1219 195 ΑΡΡΒΝΜΧ,
1246 151 1313 194 DS
1350 149 1457 194 mis

297 221 612 339 {tetigi
624 223 2135 355 ·d{2353⁵g⁵1¹31122²⁰AE¹s¹3312¹ml⁰11{ffiiiss'ssssgssfipisssstffi

299 360 485 418 patruo
511 355 673 411 Pelia,
701 356 822 419 qui,
865 357 1034 408 fratris
1062 359 1207 408 senio
1234 356 1453 408 confecti
1484 358 1601 407 loco
1642 370 1859 420 regnum
1906 358 2133 409 admini-

299 427 486 476 strans.
502 421 672 472 donec
693 423 738 472 ei
759 422 991 486 regendo
1009 436 1102 487 per
1119 429 1323 473 aetatem
1346 425 1497 473 lason
1523 437 1617 487 par
1634 422 1793 480 foret.
1818 435 1939 474 eum
1957 423 2011 474 iu
2028 426 2133 478 ista

301 487 627 551 expeditione
651 488 936 551 periturum
958 491 1217 554 sperabat.
1238 490 1411 546 lason,
1428 490 1623 540 vocatis
1641 491 1695 538 in
1710 489 1927 552 periculi
1948 498 2002 540 et
2019 492 2133 554 glo—

298 553 390 602 riae
426 555 723 605 societatem
760 554 980 606 ducibus
1012 556 1218 607 Graeciae
1252 555 1564 615 fortissimis,
1600 554 1822 606 Hercule
1839 593 1852 612 ,
1888 555 2126 616 Theseo.

299 618 508 669 Castore
525 657 539 676 ‚
565 620 772 671 Polluce
786 657 799 674 .
822 620 1025 684 Orpheo
1045 660 1058 678 ,
1088 623 1290 686 Lynceo
1305 659 1317 678 .
1347 621 1505 684 Tiphy
1524 658 1538 679 .
1560 627 1615 672 et
1633 621 1773 678 aliis.
1795 621 1965 671 navim
1989 624 2129 687 Argo

299 681 591 743 fabricavit,
618 685 852 736 trabibus
868 701 899 736 e
917 687 1057 737 Pelio
1076 693 1252 738 monte
1268 688 1485 749 sumptis
1500 726 1512 742 ‚
1534 687 1667 742 sive,
1694 691 1755 737 ut
1776 687 1863 737 alii
1882 688 2093 739 tradunt
2105 727 2122 748 .

301 756 334 798 e
355 749 602 800 dodonaea
617 751 744 801 silva
763 789 774 808 ,
795 753 945 815 cujus
971 753 1209 811 arbores,
1232 766 1360 804 voce
1378 753 1629 816 praeditae,
1648 753 1874 802 edebant
1892 755 2127 806 oracula.

300 815 485 878 Tiphys
520 816 722 868 clavum
758 819 1011 880 regebat;
1050 820 1284 882 Lynceus
1304 858 1316 877 ,
1360 819 1525 870 oculis
1561 819 1867 870 acutissimis
1896 820 2125 882 walens,

300 879 478 931 brevia
526 888 580 931 et
623 884 863 946 scopulos
915 884 1230 947 detegebat;
1293 884 1528 948 Orpbeus
1578 884 1917 948 navigationis
1970 886 2128 939 taedia

301 945 508 997 levabat
548 954 733 1006 cantu:
763 950 924 1001 ceteri
951 950 1136 1016 heroes
1153 990 1167 1008 ,
1207 951 1297 1014 qui
1324 953 1480 1014 vulgo
1509 950 1752 1001 dicuutur
1782 953 2123 1013 Argonautae.

301 1023 476 1063 remos
496 1013 775 1076 agitabant.
807 1015 956 1066 Solus
977 1016 1228 1068 Hercules
1248 1029 1457 1068 cursum
1490 1029 1770 1080 parumper
1789 1017 2119 1076 retardabat.

301 1082 414 1127 tum
451 1079 574 1141 quia
610 1080 838 1142 pondere
869 1081 1100 1144 corporis
1146 1083 1471 1146 deprimebat
1502 1082 1672 1132 navim
1690 1120 1703 1139 .
1745 1088 1855 1132 tum
1898 1082 2017 1146 quia
2040 1083 2123 1134 in·

300 1149 506 1206 gentem
523 1144 842 1196 stomachum
861 1148 990 1201 nulli
1007 1148 1129 1198 satis
1150 1149 1437 1212 implebant
1452 1147 1577 1205 cibi;
1603 1160 1872 1211 quumque
1893 1161 2123 1210 omnem,

303 1220 422 1272 quae
447 1210 651 1262 condita
681 1213 734 1262 in
759 1211 898 1262 cadis
925 1213 1205 1271 ferebatur,
1232 1226 1419 1278 aquam
1448 1213 1729 1270 hausisset.
1751 1214 1891 1264 misit
1911 1215 2091 1277 Hylam
2105 1231 2131 1274 .-

300 1275 682 1328 adolescentem
714 1277 812 1328 sibi
843 1291 1048 1337 carum,
1083 1280 1146 1330 ad
1182 1281 1431 1343 petendas
1453 1294 1483 1330 e
1505 1279 1672 1330 vicino
1697 1278 1837 1330 fonte
1865 1280 2122 1344 lymphas.

302 1341 496 1405 Lapsus
517 1343 570 1393 in
587 1343 782 1394 fontem
800 1345 953 1408 Hylas
970 1384 983 1403 .
1009 1345 1119 1397 sive
1137 1359 1168 1396 a
1186 1346 1423 1410 nymphis
1435 1384 1447 1403 .
1466 1351 1528 1396 ut
1545 1345 1713 1408 poetis
1730 1346 1923 1409 placet.
1943 1353 2129 1410 raptus

303 1406 446 1470 (sunt
465 1409 568 1460 iltae
593 1409 810 1461 fontium
828 1411 979 1474 deae).
1001 1425 1160 1474 quum
1186 1426 1288 1463 non
1311 1412 1523 1470 rediret.
1550 1411 1818 1463 exscendit
1842 1412 2125 1474 Hercules,

299 1484 424 1524 eum
451 1475 788 1536 quaesiturus,
813 1489 875 1526 ac
893 1477 1036 1527 socio
1056 1478 1287 1528 molesto
1295 1484 1532 1530 vectores
1553 1477 1811 1529 liberavit.
1841 1496 1849 1530 ·.

365 1539 545 1597 Navis.
582 1539 680 1592 hoc
713 1553 874 1593 onere
909 1542 1101 1599 levata.
1139 1549 1314 1606 petras
1345 1543 1589 1607 Cyaneas,
1616 1556 1735 1606 quae
1756 1543 2129 1608 Symplegades

300 1610 569 1662 vocantur,
588 1609 926 1668 praetervecta
940 1608 1172 1669 metam..
1194 1608 1286 1659 lib.
1307 1611 1338 1658 7
1357 1615 1413 1660 et
1434 1609 1536 1673 15).
1556 1615 1613 1661 et
1631 1609 1847 1660 Pontum
1864 1610 2123 1662 Euxinum

299 1666 519 1720 feliciter
532 1682 760 1729 emensa,
775 1672 1067 1724 Colchidem
1085 1675 1268 1736 attigit.
1290 1675 1317 1724 J
1320 1688 1444 1726 ason
1462 1688 1682 1727 aureum
1697 1676 1863 1727 vellus
1876 1674 2119 1734 abstulit3

300 1733 575 1797 adiuvante
607 1737 781 1788 Medea
810 1737 1052 1800 (Metam,
1079 1739 1171 1791 lib.
1194 1742 1266 1802 7),
1304 1753 1423 1805 quae
1451 1755 1555 1792 una
1574 1754 1697 1793 cum
1725 1742 1819 1792 illo
1846 1740 2047 1804 rugiens
2066 1741 2123 1792 in

299 1799 610 1852 Thessaliam
627 1841 639 1860 ,
658 1808 719 1852 ut
742 1809 942 1866 patrem
963 1806 1156 1857 AEetam
1180 1815 1581 1870 persequentem
1600 1814 1906 1865 moraretur,
1935 1809 2123 1872 Absyr-

299 1871 414 1916 tum
440 1866 650 1919 fratrem
675 1868 958 1929 interfecit,
994 1873 1216 1938 ejusque
1252 1875 1487 1929 membra
1507 1913 1519 1933 .
1554 1885 1658 1939 qua
1692 1881 1839 1937 pater
1864 1875 2117 1932 instabat.

299 1924 591 1997 dissipavit3
627 1949 744 1999 quae
774 1936 1021 2001 colligens
1048 1940 1214 1999 AEeta.
1244 1941 1320 1991 illi
1348 1942 1568 2005 spatium
1602 1939 1833 2001 fugiendi
1862 1941 2025 1991 dedit.
2058 1942 2127 1991 ut

299 1998 479 2050 Medea
507 2000 648 2051 venit
681 2002 882 2054 lasonis
913 2004 1126 2057 domum
1145 2045 1157 2065 ,
1191 2008 1429 2059 AEsonem
1464 2008 1579 2069 eius
1617 2010 1814 2067 patrem
1834 2041 1847 2059 .
1885 2008 2032 2057 annis
2066 2012 2124 2058 et

299 2065 498 2115 morbis
520 2079 733 2129 gravem
751 2106 764 2126 .
793 2068 844 2119 in
872 2069 1143 2133 pristinum
1170 2074 1331 2125 robur
1353 2086 1414 2124 ac
1432 2072 1760 2133 juventutem
1784 2074 1896 2119 arte
1919 2072 2124 2132 magica

299 2130 527 2182 restituit
546 2132 778 2197 (Metam,
799 2134 890 2186 lib.
917 2136 989 2201 7).
1010 2139 1073 2187 At
1087 2139 1279 2190 Peliam
1292 2180 1306 2198 ,
1330 2137 1561 2202 deceptis
1578 2137 1693 2201 ejus
1712 2133 1916 2187 filiabus
1929 2171 1943 2193 ,
1966 2135 2125 2199 jugu-

299 2194 427 2246 lavit
468 2198 713 2261 (Melam.,
746 2201 838 2252 lib.
869 2202 940 2264 7).
981 2204 1137 2257 Jasou
1176 2205 1374 2258 interea
1412 2204 1709 2257 Corinthum
1750 2200 2014 2265 protectus
2050 2201 2123 2253 ad

298 2260 570 2315 Creontem
588 2278 765 2331 regem
793 2268 906 2332 eius
938 2268 1095 2323 tiliam
1116 2272 1360 2324 Creusam
1382 2272 1654 2323 adamavit.
1678 2269 1877 2324 Medea,
1902 2280 1960 2319 se
1978 2280 2128 2330 spre-

297 2332 405 2379 tam
434 2328 638 2390 furens,
669 2335 896 2386 arculam
926 2337 1144 2399 gemmis
1177 2338 1448 2389 incantatis
1480 2340 1682 2400 plenam
1712 2338 1915 2386 Creusae
1945 2334 2123 2403 misit,

301 2408 444 2457 quae.
465 2398 584 2461 igne
601 2408 870 2465 concepto.
896 2401 1060 2465 ipsam
1082 2409 1137 2453 et
1158 2404 1428 2454 Creontem
1454 2403 1855 2464 absumpserunt
1878 2398 2119 2458 (Metam.

295 2460 390 2511 lib.
415 2464 488 2526 7).
509 2465 702 2523 Medea.
726 2472 844 2529 post
861 2469 1223 2529 exprobratam
1244 2465 1417 2517 Jasoni
1440 2465 1707 2527 perfidiam
1722 2500 1735 2519 .
1760 2468 2033 2537 susceptos
2053 2476 2125 2517 ex

297 2538 364 2577 eo
387 2529 520 2581 duos
557 2530 688 2581 lilios
706 2568 720 2587 ,
752 2532 802 2579 in
837 2533 996 2595 ipsius
1030 2538 1341 2595 conspectu,
1382 2529 1655 2585 mactavit.
1692 2528 1944 2589 alattsque
1972 2538 2124 2584 vecta

297 2592 608 2644 draconibus
625 2631 637 2651 ,
664 2594 884 2645 Athenas
906 2598 1068 2647 evasit
1089 2597 1155 2645 ad
1175 2596 1389 2659 AEgeum
1411 2605 1589 2655 regem
1603 2631 1617 2651 ,
1636 2591 1723 2644 cui
1740 2603 1902 2655 quum
1923 2596 2127 2658 nupsis-

296 2664 395 2714 set,
411 2669 472 2707 ac
487 2658 686 2707 Medum
704 2657 866 2709 tilium
883 2662 1164 2722 genuisset.
1185 2666 1367 2711 conata
1379 2663 1461 2708 est
1478 2658 1756 2714 Theseum,
1772 2658 1913 2721 AEgei
1931 2658 2120 2725 filium,

296 2734 328 2772 e
350 2722 523 2773 medio
550 2722 757 2781 tollere,
784 2737 980 2776 veneno
1008 2726 1159 2784 dato;
1190 2726 1282 2775 sed
1308 2723 1635 2787 deprehenso
1658 2724 1887 2782 scelere.
1913 2723 2047 2789 fugit
2064 2728 2121 2779 in

296 2800 410 2839 eam
428 2787 554 2838 Asiae
579 2794 778 2851 partem
792 2827 804 2847 ,
833 2803 950 2853 quae
969 2790 1036 2841 ab
1059 2792 1176 2853 eius
1197 2789 1303 2843 lilio
1322 2789 1482 2842 Media
1506 2795 1588 2841 est
1608 2791 1866 2842 nominata
1882 2791 2118 2855 (Metam,

293 2854 389 2903 lib.
412 2854 482 2916 7).
512 2854 916 2916 Argonautarum
951 2855 1332 2919 expeditionem
1361 2855 1662 2921 chronologi
1692 2858 1953 2920 assignant
1984 2870 2125 2911 anno

294 2924 413 2981 post
449 2920 712 2971 conditum
735 2922 886 2973 llium
922 2924 1247 2986 sexagesimo
1270 2928 1485 2987 quarto,
1514 2929 1633 2977 ante
1660 2925 1776 2989 eius
1801 2924 2003 2975 ruinam
2032 2938 2121 2976 se-

293 2986 615 3051 ptnagesimo
632 2997 786 3038 nono.

929 3084 1088 3137 cunr
1112 3085 1235 3139 xlx.
1272 3088 1485 3141 mnus.

347 3232 575 3295 Jupiter,
594 3232 647 3284 in
664 3238 870 3283 taurum
895 3243 1203 3290 conversus.
1230 3231 1497 3296 Europen.
1536 3230 1786 3295 Agenoris
1820 3228 2121 3283 Pboenicum

286 3297 428 3360 regis
456 3297 640 3355 tiliam,
663 3298 949 3349 abduxerat
969 3298 1023 3349 in
1049 3298 1250 3350 Cretam
1276 3299 1521 3363 (Metam.
1548 3298 1639 3349 lib.
1668 3298 1752 3363 2).
1774 3296 1979 3358 Agenor
2001 3297 2122 3359 ejus

287 3362 655 3425 investigandae
675 3365 940 3429 negotium
961 3363 1149 3417 Cadmo
1176 3363 1283 3415 filio
1307 3363 1478 3422 dedit.
1503 3376 1733 3428 eumque
1750 3400 1765 3421 .
1790 3361 1889 3411 nisi
1911 3369 2122 3425 reperta

285 3435 496 3488 sorore,
523 3427 736 3482 domum
767 3431 938 3485 redire
965 3432 1142 3483 vetuit.
1170 3430 1390 3497 Cadmus
1404 3468 1418 3490 .
1444 3431 1727 3496 pererratis
1746 3428 1940 3481 trustra
1965 3428 2122 3480 variis
