2317 3850
888 203 1109 247 ocinum
1150 205 1303 248 ιιιιιιιι
1343 207 1424 250 ιιι.

535 281 649 336 Nec
676 279 817 337 mori
846 295 943 350 per
968 281 1077 338 vim
1106 289 1346 338 metuam
1367 326 1382 350 ‚
1415 287 1636 341 tenente

280 283 354 342 15

2009 199 2084 260 89

779 350 997 408 Caesare
1024 357 1223 408 terras,

534 422 595 488 1,
627 425 754 491 pete
779 427 1127 492 unguentum
1144 467 1157 490 ,
1187 439 1344 493 puer,
1371 429 1428 481 et
1449 439 1688 482 coronas
1705 469 1718 492 ‚

531 491 606 547 Et
632 491 829 548 cadum
859 493 1030 548 marsi
1058 507 1357 551 memorem
1385 495 1558 552 duelli
1581 539 1596 563 ‚

532 562 857 631 Spartacum
887 564 936 619 si
962 578 1072 633 qua
1102 565 1288 633 potuit
1315 573 1600 636 vagantem

780 632 991 689 Fallere
1018 639 1184 691 testa.

534 701 637 758 Dic
658 707 715 758 et
744 707 955 774 argutae
980 711 1240 775 properet
1261 708 1468 764 Neaerae

532 771 854 841 Myr-rincum
876 775 1024 831 nodo
1048 777 1310 833 cohibere
1333 779 1539 835 crinem
1569 799 1582 832 ε

535 842 594 898 Si
623 856 720 912 per
743 843 985 901 invisum
1010 859 1165 902 mora
1181 849 1482 916 janitorem

778 915 930 982 Fiet,
965 915 1141 974 abito.

278 983 353 1044 25

536 982 697 1039 Lenit
724 984 1013 1042 albescens
1038 988 1258 1046 animos
1282 990 1522 1059 capillus

536 1053 745 1110 Litium
775 1060 831 1111 et
860 1056 993 1113 rixae
1014 1058 1250 1128 cupidos
1276 1065 1566 1128 protervae:

532 1123 655 1181 Nou
680 1137 783 1194 ego
807 1125 913 1182 hoc
934 1125 1137 1184 ferrem
1160 1170 1178 1196 ,

1208 1131 1426 1188 calidus
1447 1132 1674 1200 juventa
1693 1175 1706 1198 ,

780 1196 1031 1254 Consule
1055 1199 1285 1257 Planco.

304 1307 371 1341 1⁸.
402 1299 488 1340 Per
514 1301 615 1340 vim.
647 1307 719 1341 Per
745 1308 969 1351 externum,
1002 1309 1043 1345 et
1068 1308 1142 1346 bo·

253 1357 337 1394 stile
352 1356 519 1394 bellum.
538 1375 593 1385 —
610 1354 805 1395 Tenente.
822 1362 1009 1402 Regeute.

313 1433 373 1467 ¹7.
398 1427 517 1466 Pete.
535 1431 659 1475 Para,
686 1429 797 1466 airer.
825 1449 881 1458 —
900 1427 1030 1468 Puer.
1060 1433 1147 1470 Ser-

262 1490 345 1520 vum
368 1481 607 1527 alloquitur.
636 1500 690 1510 —
722 1479 919 1520 Coronas.
956 1484 1145 1522 Coronati

252 1535 415 1626 mma
429 1561 442 1582 ,
466 1536 511 1572 et
534 1535 741 1579 unguentis
770 1536 936 1573 delibuti
943 1563 957 1584 ,
992 1546 1144 1576 accum-

307 1659 373 1696 18.
400 1653 589 1702 Οοᾶιιπι.
611 1662 691 1697 etc.
714 1659 836 1704 cuius
854 1659 987 1698 vinum
1002 1661 1143 1697 condi-

250 1713 337 1748 tum
354 1713 425 1757 sit,
442 1710 546 1748 bello
562 1719 709 1758 marso,
729 1721 801 1748 seu
816 1713 1000 1750 marsico.
1021 1715 1143 1752 Porro

248 1763 400 1801 bellum
418 1763 517 1801 illud
534 1767 720 1802 vocatum
740 1765 859 1803 etiam
876 1765 953 1802 tuit
970 1766 1141 1814 sociale;

250 1816 347 1862 quia
362 1817 495 1854 tuerat
510 1818 725 1856 conflatum
746 1827 771 1856 a
788 1819 910 1856 sociis·
927 1818 1050 1856 ltaiiae
1068 1827 1140 1864 po-

249 1869 361 1914 pulis
380 1872 425 1907 et
446 1869 672 1917 foederatis,
697 1872 787 1917 qul,
818 1879 941 1917 quum
963 1873 1029 1918 jus
1048 1873 1139 1910 civi-

250 1923 350 1961 tatis
376 1922 453 1961 sibi
472 1924 709 1970 promissum
736 1926 913 1963 obtinere
938 1934 1020 1963 nou
1048 1935 1139 1971 pos-

248 1980 343 2013 sent
356 2003 368 2024 ‚
408 1985 520 2015 arma
556 1982 759 2023 ceperunt.
797 1980 880 2015 110⁵
910 1980 1011 2015 iuter
1050 1980 1145 2025 qula

250 2030 449 2075 precipui
459 2030 575 2068 narsi
590 2033 716 2077 erant,
728 2032 939 2069 marsicum
956 2035 1017 2069 est
1031 2040 1145 2071 voca-

250 2086 357 2120 tum.
396 2083 539 2121 incidit
566 2084 607 2120 in
637 2092 783 2121 anuum
814 2086 864 2122 u.
900 2085 947 2123 C.
979 2088 1145 2122 668.—

252 2132 415 2173 Daellt'.
442 2136 556 2173 Belli.
578 2154 636 2165 -
658 2134 903 2175 Memorem.
930 2138 1031 2182 Quia
1056 2146 1145 2175 mos

252 2192 343 2225 erat
359 2190 547 2227 Romanis
564 2190 667 2227 cado
697 2191 909 2227 inscribere
930 2197 1013 2234 quo
1038 2198 1143 2228 anuo

254 2242 388 2280 nuum
407 2241 543 2279 tuerat
559 2242 747 2281 intusum.

308 2316 377 2350 19.
402 2308 678 2362 Spartacum,
705 2316 789 2352 etc.
821 2314 860 2351 sl
893 2322 973 2359 qua
992 2314 1146 2352 rationo

252 2368 359 2404 testa
376 2366 512 2411 potuit
529 2366 666 2405 fallere
678 2395 689 2413 ,
717 2367 757 2405 id
773 2366 834 2404 est
849 2394 860 2413 ,
879 2366 1005 2404 lutere
1026 2368 1145 2412 spar-

251 2422 391 2457 tacum
412 2423 619 2463 vacantem
644 2423 731 2457 tota
752 2420 867 2457 ltalia
879 2446 890 2464 ,
912 2421 954 2457 et
972 2428 1063 2458 eam
1080 2420 1147 2457 de-

251 2474 489 2511 vastantem.
512 2474 604 2511 Fuit
619 2474 831 2519 spartacus
845 2472 1057 2518 gladiator,
1078 2473 1148 2518 qui

252 2534 390 2564 servos
427 2528 471 2563 et
498 2526 741 2569 gladiatores
779 2526 821 2562 iu
862 2525 1147 2573 rempublicam

1199 1310 1386 1358 armavit,
1437 1307 1661 1355 bellumque
1701 1311 1836 1348 servile
1875 1313 2057 1352 conflavit
2072 1339 2083 1356 1

1199 1370 1306 1399 anuo
1325 1364 1374 1400 U.
1397 1363 1441 1399 C.
1462 1365 1555 1400 681.

1255 1418 1322 1452 20.
1339 1412 1481 1454 Testa.
1504 1416 1725 1461 Amphora,
1745 1416 1868 1455 cadus
1886 1417 2031 1458 fictilis.

1255 1470 1322 1504 21.
1358 1466 1546 1517 Arqutoe.
1579 1469 1685 1506 scite
1713 1471 1755 1506 ot
1791 1470 1990 1513 eleganter
2023 1483 2084 1511 ca-

1200 1521 1322 1557 nenti.
1348 1523 1443 1557 Erat
1466 1520 1636 1567 ildiciua,
1662 1522 1799 1566 quales
1814 1531 1920 1568 sape
1934 1525 1973 1562 in
1990 1535 2082 1564 cou-

1199 1573 1309 1610 vivils
1340 1573 1581 1612 adhibebant
1610 1585 1620 1610 ε
1669 1583 1760 1612 eam
1793 1577 1980 1615 Horatius
2017 1589 2088 1625 per

1197 1626 1396 1664 servulum
1413 1627 1599 1665 accersiri
1612 1628 1743 1674 jubet.

1249 1676 1512 1730 Myrrham.
1538 1681 1718 1727 lim-beo
1745 1684 1944 1726 unguento
1960 1683 2083 1728 niten-

1201 1735 1294 1770 tem.
1317 1751 1366 1760 --
1383 1729 1601 1771 Celtibero.
1621 1733 1812 1780 nelissare,
1831 1735 2032 1779 colligere.

1253 1789 1321 1822 aa.
1360 1782 1408 1823 Si
1434 1795 1514 1836 per
1536 1785 1792 1834 janitorem,
1823 1791 1903 1826 etc.
1936 1790 1976 1826 81
2007 1799 2085 1828 non

1195 1839 1331 1876 statim
1351 1847 1378 1876 a
1391 1840 1566 1885 janitore
1585 1839 1874 1878 admittaris.-—
1885 1838 2084 1880 [wicum.

1198 1891 1401 1930 Difficilem
1417 1901 1574 1939 nempe.

1252 1950 1320 1983 25.
1347 1941 1496 1992 Lenit,
1523 1948 1604 1983 etc.
1643 1946 1748 1983 ordo
1773 1949 1814 1985 et
1839 1956 1976 1986 sensus
1995 1950 2055 1986 est
2073 1962 2084 1984 ε

1197 1996 1381 2048 capillus
1405 1996 1638 2046 albescens,
1667 2000 1710 2036 id
1731 2003 1792 2038 ont
1817 2004 1918 2039 zetas
1938 2003 2024 2047 jam
2047 2004 2086 2039 in

1197 2054 1440 2089 senectutem
1459 2060 1636 2097 vergens,
1657 2053 1767 2099 lenit,
1787 2056 1984 2099 temperat
1999 2056 2083 2093 anl-

1199 2114 1286 2142 mos
1320 2114 1453 2151 meos,
1489 2106 1567 2141 boc
1593 2108 1679 2150 est,
1715 2106 1962 2145 iracundiam
1992 2110 2089 2154 rixo,

1199 2160 1411 2195 amantem.

1254 2214 1320 2247 27.
1335 2207 1424 2246 Non
1437 2218 1524 2257 eqo,
1547 2212 1627 2245 etc.
1649 2209 1856 2253 nepuisam
1875 2220 1898 2248 a
1913 2213 2088 2257 janitore

1200 2270 1280 2299 uon
1315 2262 1507 2298 tulissem.
1534 2277 1588 2287 —
1611 2259 1792 2298 Calidas
1809 2264 2000 2308 iuventa.
2027 2266 2086 2302 ob

1196 2315 1443 2361 juventutem
1459 2312 1639 2359 calidior,
1659 2316 1779 2359 atque
1791 2314 2004 2355 iracundie
2018 2318 2087 2353 mi-

1200 2376 1275 2405 uus
1296 2370 1453 2412 potens.

1255 2422 1323 2457 28.
1351 2416 1525 2457 Planco.
1556 2417 1702 2457 comui
1736 2419 1812 2457 ruit
1837 2428 1942 2457 anno
1964 2422 2012 2461 U.
2042 2423 2085 2459 c,

1203 2475 1276 2510 ‘111
1294 2499 1305 2518 ,
1328 2480 1408 2518 quo
1437 2479 1540 2510 anuo
1561 2470 1746 2509 Horatius
1765 2474 1882 2511 uatus
1906 2476 1994 2511 erat
2017 2484 2086 2513 au·

1201 2534 1276 2565 uos
1291 2526 1508 2563 admodum
1523 2526 1590 2561 ab.

1020 2751 1190 2809 ‚ODE
1227 2753 1328 2809 XI.

923 2860 1020 2917 Ad
1044 2866 1424 2918 Maecenatem.

380 2976 531 3013 Aurum
552 2974 737 3011 vincitne
756 2972 977 3019 perrumpit
1000 2975 1148 3012 omnia.
1169 2975 1270 3013 Nihil
1293 2983 1438 3020 cupere
1451 3002 1460 3019 ‚
1481 2982 1601 3019 parvo
1620 2975 1848 3013 contentum
1867 2984 1974 3021 esse,

942 3044 1095 3074 summa
1120 3036 1318 3075 felicitatis
1335 3038 1411 3073 est.

549 3134 825 3191 Inclusam
851 3134 1079 3191 Danaen
1102 3130 1282 3190 turris
1309 3133 1513 3189 ahenea
1537 3173 1553 3198 ,

548 3204 925 3276 Robustaeque
952 3204 1130 3271 forcS,
1160 3208 1217 3259 et
1241 3202 1472 3274 vigilum
1496 3214 1696 3258 canum

317 3308 357 3343 1.
399 3303 592 3342 Danaen.
624 3309 719 3344 Erat
751 3306 890 3344 Acrisii
920 3306 1025 3351 iilia,
1054 3304 1157 3350 regis
1209 3312 1318 3341 ream
1335 3312 1558 3347 conversus,
1575 3303 1759 3339 Perseum
1775 3310 1822 3340 ex
1841 3310 1891 3341 ea
1907 3302 2091 3347 suscepit,

256 3359 512 3404 Argivorum.
548 3360 740 3397 Audierat
764 3359 937 3397 Acrisius
962 3369 1005 3396 se
1031 3368 1054 3395 a
1084 3366 1151 3395 ue-

1209 3366 1232 3394 a
1247 3364 1328 3401 quo
1346 3356 1516 3394 Acrisius
1537 3355 1760 3392 inconsulto
1775 3357 1816 3392 et
1833 3359 1980 3393 temore
1999 3356 2096 3391 disci

257 3417 357 3457 pote
388 3412 469 3449 vita
504 3415 547 3449 et
578 3412 679 3451 solio
706 3414 901 3459 privatum
930 3413 1007 3449 lriz
1033 3419 1157 3456 quaro
1205 3412 1316 3458 jactu
1335 3409 1489 3445 occisus
1505 3416 1591 3445 esse
1607 3408 1789 3446 traditur.

260 3464 411 3508 illlam,
434 3474 485 3501 no
502 3464 591 3509 quis
612 3474 661 3503 ex
683 3476 731 3504 ea
748 3468 989 3511 nasceretur,
1009 3466 1159 3501 ahenea

260 3518 366 3554 turri
386 3517 617 3556 incluserat.
641 3520 807 3567 Jupiter,
837 3520 877 3555 in
896 3518 1064 3564 pluviam
1094 3523 1161 3553 inu-⁴

623 3622 649 3637 ν

1265 3467 1305 3503 2.
1334 3458 1534 3497 Robustoe.
1557 3464 1586 3497 Ε
1610 3462 1784 3500 trabibus
1811 3459 1990 3499 roboreis
2005 3464 2080 3493 co·-

1215 3515 1347 3555 rectoe.
1368 3514 1411 3550 id
1425 3516 1505 3560 est,
1527 3513 1663 3551 nrmoe.
