2317 3850
782 142 849 183 nr
886 142 1151 207 annotans
1187 144 1448 187 rosricts.
1881 125 2103 203 xxfill*

174 226 323 272 erat.
350 219 515 269 Ambo
532 215 741 275 deinde,
764 219 909 268 annis
923 226 1041 269 ante
1060 219 1316 271 excidium
1336 220 1498 281 Trojae
1513 224 1736 281 quatuor
1753 224 1808 270 ct
1823 220 2018 285 viginti,

176 286 441 337 Helenam
461 288 771 346 rapuerunt,
796 297 913 347 quae
942 299 969 335 a
998 286 1208 337 Castore
1239 292 1417 348 postea
1446 291 1502 335 et
1521 287 1727 337 Polluce
1752 286 1845 337 fuit
1869 302 2020 339 recu·

180 358 390 417 perata.
430 349 597 399 Iidem
635 348 700 400 ad
732 350 1031 413 rapiendam
1068 351 1422 414 Proserpinam
1447 390 1460 408 ,
1508 352 1646 413 regis
1689 353 2018 405 Molossorum

182 418 347 468 liliam
364 455 378 473 ,
412 414 633 479 profecti
658 422 797 465 sunt.
820 416 940 465 Eam
964 415 1104 466 canis
1125 416 1472 469 ferocissimus
1493 417 1840 476 custodiebat.
1864 432 2021 481 quem

180 483 478 541 cerberum
501 480 783 541 vocabant;
814 482 879 532 ab
900 494 963 531 eo
984 483 1242 533 laceratus
1269 490 1349 533 est
1376 482 1632 533 Pirithous
1665 500 1677 534 :
1705 484 1958 541 Theseus,
1990 499 2022 536 a

178 561 315 613 rege
341 548 497 597 datus
524 546 577 595 in
604 546 888 597 custodiam
908 586 920 603 ‚
949 548 1190 598 Herculis
1217 547 1456 611 precihus
1479 561 1756 599 concessus
1776 555 1872 599 est.
1895 550 2022 601 inde

180 620 311 665 nata
341 613 411 664 de
442 611 619 663 inferis
652 611 850 669 fabula,
886 626 1018 675 quos
1053 614 1307 671 Theseus,
1341 620 1402 664 ut
1427 620 1636 665 narrant
1669 623 1865 679 poetae.
1897 616 2024 667 adiit

180 694 311 730 cnm
348 678 579 729 Pirithoo
602 717 616 735 ‚
650 684 710 729 ut
746 678 1102 742 Proserpinam
1137 680 1438 731 abduceret.
1480 681 1656 738 Pluto,
1695 694 1754 733 re
1782 682 2016 745 cognita,

184 751 477 809 utrumque
503 743 918 807 comprehendit,
942 750 996 795 et
1022 745 1240 796 vinculis
1261 746 1525 796 oneravit:
1556 748 1609 797 in
1634 747 1696 797 iis
1721 748 1870 798 haesit
1893 748 2018 797 Piri·

182 810 371 868 thouS,
400 810 536 867 sive,
570 816 631 859 ut
654 810 740 861 alii
767 816 1003 867 narrant,
1032 824 1061 861 a
1088 812 1312 862 Cerbero
1339 810 1612 863 devoratus
1637 818 1736 863 est.
1765 813 2020 865 Theseum

183 875 473 933 Hercules,
498 889 659 939 quum
677 876 845 927 adiret
864 876 1079 933 inferos,
1105 876 1366 934 liberavit.
1389 884 1444 929 et
1462 878 1747 941 adjutorem
1771 878 1951 930 hahuit
1967 881 2022 931 iu

182 948 439 1004 suscepto
470 948 647 992 contra
677 943 954 992 Amazones
985 942 1127 993 hello
1148 982 1161 1000 ,
1197 956 1418 1007 quarum
1453 944 1682 1007 reginam
1712 944 2022 1011 Hippolyten

182 1008 287 1071 i‘psi
329 1020 550 1059 uxorem
592 1006 755 1059 dedit.
791 1007 864 1057 Ex
898 1020 958 1059 ea
990 1008 1218 1060 Theseus
1253 1010 1428 1071 genuit
1463 1010 1788 1075 Hippolytum
1811 1050 1823 1069 ,
1863 1025 2022 1075 quem

185 1073 426 1133 Phaedra,
448 1073 623 1125 Minois
645 1072 768 1131 filia,
790 1072 1029 1123 secundis
1048 1075 1238 1139 nuptiis
1257 1076 1454 1126 Theseo
1467 1077 1669 1139 juncta,
1692 1091 1854 1141 quum
1871 1078 2023 1129 aliter

187 1145 393 1191 amaret
411 1152 472 1191 ac
489 1153 582 1203 par
598 1145 652 1191 et
666 1138 944 1191 honestum
966 1146 1097 1197 erat,
1119 1141 1375 1192 accusavit
1389 1142 1576 1205 injuste
1593 1142 1730 1206 apud
1743 1142 2016 1195 Theseum.

187 1206 423 1257 Theseus
449 1206 777 1271 Hippolytum
808 1205 940 1257 Diris
975 1205 1212 1264 devovit,
1245 1219 1304 1259 ac
1340 1208 1630 1269 Neptunum
1660 1208 1765 1259 lilio
1797 1209 2022 1259 ultorem

185 1271 480 1329 invocavit,
517 1284 547 1323 a
574 1284 680 1337 quo
710 1271 952 1323 immissae
987 1270 1167 1335 phocae
1201 1273 1554 1335 Hippolytum,
1586 1274 1638 1322 in
1667 1273 1820 1323 maris
1848 1274 2022 1325 littore

190 1338 499 1401 spatiantem
522 1376 534 1396 ‚
566 1350 725 1389 curru
760 1344 1121 1389 excusserunt.
1148 1338 1402 1388 Mortuum
1427 1339 1742 1401 AEsculapins
1763 1340 2025 1391 revocavit

195 1402 257 1451 in
292 1404 471 1463 vitam3
514 1403 668 1455 Diana
723 1402 985 1455 transtulit
1024 1403 1076 1453 in
1116 1404 1314 1454 Italiam
1334 1441 1346 1460 ,
1389 1409 1444 1455 et
1481 1404 1706 1454 virbium
1748 1405 2026 1468 appellavit

196 1466 445 1587 gffim„
475 1469 571 1537 liy.
601 1468 633 1519 2
662 1474 716 1523 et
744 1469 861 1535 15).
893 1467 1135 1541 Phaedra,
1177 1471 1376 1523 crimen
1411 1470 1676 1530 confessa,
1707 1482 1888 1521 necem
1921 1470 2024 1523 sihi

670 1641 829 1691 cirum
851 1640 994 1692 xvu.
1030 1641 1222 1693 Cast-on
1244 1654 1306 1693 ιτ
1327 1640 1540 1694 Ροιιυι.

258 1782 462 1840 Castor,
486 1780 664 1831 Pollux
683 1820 695 1839 ,
723 1781 915 1832 Helena
940 1790 995 1833 et
1012 1783 1383 1848 clytemnestra
1402 1823 1414 1842 ,
1439 1784 1627 1837 Ledam
1657 1786 1888 1837 habuere
1915 1798 2022 1836 ma·

188 1854 357 1903 trem.
386 1860 605 1898 uxorem
623 1846 871 1911 Tyndari,
907 1848 1117 1901 OEhaliae
1141 1850 1280 1915 regis
1308 1852 1358 1901 in
1384 1852 1571 1902 Graecia
1595 1867 1608 1901 ε
1645 1853 1738 1903 sed
1767 1852 1941 1902 Pollux
1971 1856 2026 1903 et

190 1914 396 1966 Helena
416 1952 431 1973 ,
458 1914 670 1973 lovem:
701 1915 879 1965 Castor
902 1921 957 1966 et
982 1916 1352 1981 clytemnestra
1372 1918 1658 1982 Tyndarum
1689 1918 1887 1984 patrem
1912 1931 2023 1968 sor·

190 1981 280 2032 titi
314 1986 457 2051 sunt.
496 1981 673 2030 Castor
693 1987 867 2032 tamen
893 1987 947 2031 et
973 1983 1155 2033 Pollux
1178 1985 1334 2047 vulgo
1365 1985 1662 2049 Tyndaridae
1686 2001 1714 2036 a
1745 1986 1908 2050 poetis
1935 1998 2023 2034 vo·

188 2053 414 2105 cantui-3
433 2051 489 2096 et
513 2047 781 2097 amborum
808 2047 1103 2099 celebratur
1124 2051 1344 2101 amicitia
1364 2089 1376 2109 ‚
1409 2065 1526 2114 quae
1549 2058 1689 2102 tanta
1717 2051 1937 2108 exstitit,
1967 2055 2029 2100 ut

191 2113 415 2169 Pollux,
456 2113 583 2162 Jove
620 2113 817 2163 scilicet
850 2121 1001 2164 natus
1032 2115 1369 2172 immortalis,
1407 2130 1554 2168 suam
1589 2117 2026 2168 immortalitatem

196 2179 457 2240 impertiri
472 2177 616 2228 fratri
634 2192 736 2228 non
756 2179 1084 2230 dubitaverit.
1106 2182 1292 2231 Annuit
1313 2183 1511 2242 Jupiter
1533 2189 1594 2233 ut
1610 2183 1819 2237 alternis
1842 2183 2026 2232 diebus

200 2243 347 2294 alter
362 2244 585 2303 viveret,
618 2246 749 2296 alter
780 2252 1108 2296 moreretur:
1141 2247 1245 2295 imo
1266 2248 1524 2296 Castorem
1549 2247 1808 2311 adoptavit
1830 2249 1881 2296 in
1909 2249 2024 2298 Pol·

198 2310 341 2360 lucis
372 2310 609 2372 gratiam,
657 2312 728 2361 ita
754 2317 815 2361 ut
847 2311 1001 2362 ambo
1038 2311 1420 2373 appellarentur
1455 2311 1746 2375 promiscue
1774 2312 1996 2362 Dioscuri
2007 2350 2022 2368 ,

198 2375 305 2426 hoc
328 2381 440 2432 est,
468 2377 604 2428 lovis
629 2375 741 2434 lilii,
770 2383 824 2428 ct
844 2377 979 2428 inter
1001 2375 1172 2426 sidera
1201 2377 1596 2433 collocarentur,
1619 2377 1708 2426 uhi
1741 2375 1949 2426 tertium
1974 2377 2029 2428 in

198 2441 425 2493 zodiaco
444 2443 613 2494 locum
637 2444 899 2502 obtinent,
928 2443 1230 2505 Geminique
1255 2447 1635 2504 nuncupantur.

206 2527 213 2530 ·
270 2509 534 2559 Honorem
552 2509 689 2560 hunc
705 2516 905 2566 tamen,
929 2509 1028 2558 nisi
1047 2509 1244 2572 magnis
1261 2509 1312 2558 in
1337 2509 1580 2559 mortales
1603 2505 1893 2570 promeritis
1914 2520 2034 2557 con-

198 2575 377 2626 secuti
396 2587 503 2640 non
532 2582 681 2636 sunt,
714 2589 775 2626 ac
806 2575 1125 2639 potissimum
1157 2575 1479 2640 depellendis
1507 2575 1636 2625 mari
1670 2571 2027 2638 praedonibus3

203 2647 366 2706 'quam
386 2642 455 2690 ob
473 2653 677 2692 causam
697 2647 813 2692 vota
837 2641 962 2705 ipsis
988 2643 1157 2692 facere
1181 2648 1348 2693 nautae
1371 2647 1768 2700 consueverant,
1797 2647 1852 2692 et
1873 2655 2032 2704 agnos

200 2707 480 2758 immolare
505 2707 749 2758 candidos
766 2746 777 2764 ,
806 2721 967 2771 quum
997 2708 1172 2770 nigras
1199 2723 1323 2758 oves
1348 2709 1760 2774 Tempestatibus
1787 2708 2035 2759 sacritica-

208 2779 347 2822 rent.
373 2775 409 2822 Δ
430 2773 661 2824 Romanis
679 2786 890 2838 quoque
908 2774 1188 2838 impensius
1207 2776 1330 2825 culti
1350 2783 1470 2825 sunt
1490 2792 1502 2825 :
1526 2775 1662 2838 apud
1682 2785 1813 2838 quos
1827 2775 1920 2826 viri
1940 2787 2036 2840 per

206 2837 375 2889 aedem
394 2837 616 2892 Pollucis
630 2841 878 2904 jurabant
897 2839 1079 2906 vulgo;
1100 2840 1305 2892 feminae
1331 2855 1422 2905 per
1441 2843 1605 2892 aedem
1627 2841 1866 2892 Castoris.

646 2975 807 3028 Cum·
833 2975 998 3027 xvm.
1036 2975 1190 3029 iason
1219 2990 1278 3026 m·
1301 2978 1623 3058 AnconaurAE.

274 3092 519 3144 Athamas
536 3133 549 3150 .
571 3095 863 3159 Thebarum
884 3109 977 3148 rex
996 3134 1009 3154 ,
1036 3096 1248 3146 arietem
1274 3108 1433 3146 aureo
1457 3094 1704 3156 insignem
1725 3094 1920 3145 vellere
1945 3093 2037 3143 do·

202 3164 391 3209 natum
432 3173 462 3208 a
502 3161 706 3224 superis
740 3163 980 3213 servabat
1017 3161 1188 3218 domi,
1229 3161 1431 3210 familiae
1479 3160 1756 3211 Palladium
1797 3159 2034 3221 (Metam,

202 3223 305 3276 lib.
326 3225 358 3274 6
379 3232 435 3275 et
454 3225 525 3288 7).
544 3227 691 3278 Hunc
710 3228 959 3292 Phryxus,
979 3227 1290 3279 Athamantis
1308 3227 1462 3284 filius,
1483 3238 1754 3276 novercam
1777 3224 2040 3290 Nephelen

200 3289 451 3353 rugiens,
478 3293 789 3355 asportavit.
821 3301 877 3344 et
897 3293 960 3344 ad
986 3293 1201 3344 Colchos
1227 3293 1451 3342 delatum
1480 3291 1760 3342 immolavit
1785 3293 1929 3350 lovi:
1956 3303 2042 3340 au·

204 3368 366 3408 reum
392 3360 761 3411 autem'vellus
784 3360 928 3411 dedit
963 3360 1145 3416 AEctae,
1172 3359 1282 3422 regi
1305 3358 1606 3408 Colchorum
1622 3396 1636 3415 ,
1663 3371 1691 3407 a
1716 3372 1822 3420 quo
1846 3355 2040 3421 reposi-

204 3425 326 3474 tum
340 3423 397 3472 in
418 3422 539 3474 luco
558 3425 701 3476 Marti
715 3428 860 3478 sacro
878 3427 977 3477 fuit
991 3465 1005 3485 ,
1022 3425 1226 3484 addim,
1243 3423 1488 3475 custodiae
1501 3437 1674 3482 causa,
1695 3425 1854 3475 taur1s
1871 3425 2040 3488 ignem
