2317 3850
872 175 940 220 ΒΤ
973 175 1241 221 HBROEBUS
1274 177 1535 223 ΡΟΒΤΙΩΙΒ.
1972 95 2177 227 ‘gu

959 302 1119 356 Cum·
1144 305 1202 356 V.
1238 304 1453 355 Arum.

345 435 576 499 Jupiter,
604 440 780 498 spreta
798 435 1019 492 Junone,
1041 435 1286 485 Latonam
1311 433 1566 486 adamavit
1579 471 1592 490 .
1615 445 1681 484 ex
1698 445 1867 497 eaque
1885 432 2119 496 suscepit

279 503 576 566 Apollinem
597 507 652 552 et
668 501 896 552 Dianam.
920 500 1225 564 Priusquam
1250 501 1305 551 in
1326 501 1499 551 lucem
1518 500 1819 558 ederentur,
1842 501 1869 551 J
1875 513 1977 551 uno
1999 501 2118 551 Ter·

281 581 401 618 ram
439 567 751 624 obsecravit,
795 574 856 618 ut
885 568 1088 618 nullum
1126 569 1357 624 Latonae,
1398 566 1489 616 ubi
1526 565 1811 617 consistere
1848 573 2023 629 posset
2056 578 2115 616 ac

287 645 498 697 parere.
521 634 686 683 locum
705 633 1026 696 relinqueret
1047 634 1283 691 (Metam,
1309 632 1400 683 lib.
1423 633 1496 695 6).
1518 632 1756 683 Promisit
1769 633 1925 684 Terra
1946 632 2117 684 exclu-

290 698 514 748 dendam
549 700 786 750 omnibus
818 700 946 750 locis
975 701 1243 757 Latonam,
1284 707 1629 763 praetcrquam
1660 699 1726 748 ab
1757 698 1924 750 insula
1958 699 2111 755 Delo,

294 776 412 827 quae
432 771 553 814 tunc
584 766 820 816 fluitabat
843 767 1043 817 incerto
1077 766 1234 824 mari,
1271 777 1333 816 ac
1362 764 1473 816 fere
1503 777 1710 828 semper
1736 764 1977 816 fluctibus
2004 771 2118 816 erat

293 830 496 882 obruta.
521 831 623 882 Sed
641 833 908 896 Neptunus
925 871 937 890 ,
960 835 1203 883 Latonam
1222 832 1496 882 miseratus
1509 870 1521 890 ,
1541 831 1723 882 Delum
1745 830 1986 882 stabilem
2002 831 2118 881 red·

291 895 448 953 didit,
469 909 529 946 ac
543 897 700 960 jussit
715 911 1006 962 emergere.
1033 899 1160 948 Hinc
1184 898 1361 961 Apollo
1382 897 1509 948 Delii
1530 910 1819 960 cognomen
1834 903 1919 948 est
1936 902 2115 948 nactus

288 962 358 1012 ab
377 963 542 1014 insula
560 963 736 1014 natali.
757 965 880 1028 Ejus
904 965 1040 1016 iilius
1061 965 1376 1027 AEsculapius
1395 1002 1408 1022 ,
1434 977 1596 1028 quum
1616 968 1779 1014 artem
1807 963 2058 1016 medicam
2084 975 2115 1014 a

284 1033 432 1092 patre
469 1035 526 1080 et
551 1043 581 1080 a
603 1030 822 1082 Chirone
851 1033 1108 1082 Centauro
1151 1031 1443 1088 didicisset,
1468 1034 1664 1080 tantum
1691 1030 1746 1079 in
1770 1043 1831 1080 ea
1858 1028 2109 1094 profecit,

285 1100 345 1143 ut
363 1095 692 1159 Hippolytum
709 1133 723 1154 ,
743 1096 927 1148 Thesei
947 1097 1106 1147 filium
1122 1135 1135 1154 ,
1153 1110 1183 1146 a
1202 1098 1443 1147 monstris
1460 1095 1670 1147 marinis
1685 1096 2001 1160 discerptum
2014 1133 2027 1154 ,
2050 1096 2113 1147 ad

285 1161 440 1210 vitam
467 1167 742 1213 revocaret
769 1163 1008 1226 (Metam,
1035 1164 1128 1214 lib.
1155 1163 1189 1212 2
1216 1169 1271 1212 et
1290 1163 1401 1225 15).
1422 1163 1537 1222 Quo
1555 1161 1691 1213 facto
1710 1163 1914 1226 Jupiter
1935 1167 2113 1212 aucto-

287 1226 496 1277 ritatem
521 1241 669 1278 suam
697 1229 814 1279 laedi
841 1236 986 1281 ratus
1003 1268 1015 1287 ,
1038 1228 1381 1292 AEsculapium
1402 1227 1617 1279 fulmine
1639 1229 1911 1292 percussit.
1936 1229 2115 1291 Apollo
2188 1281 2194 1286 ,

283 1292 509 1344 vicissim
525 1294 787 1358 Cyclopes,
809 1295 1036 1346 fulminis
1047 1295 1403 1352 fabricatore&
1420 1294 1663 1357 quoniam
1678 1294 1855 1344 saevire
1870 1293 1920 1343 in
1934 1295 2114 1346 lovem

285 1357 456 1421 ipsum
484 1373 588 1410 non
613 1367 845 1424 poterat,
875 1362 1159 1414 interemit.
1192 1361 1393 1410 Exarsit
1419 1360 1682 1410 iracundia
1711 1360 1853 1422 gravi
1878 1361 2111 1422 Jupiter,

289 1429 348 1472 et
361 1425 664 1488 Apollinem,
680 1429 816 1478 coelo
836 1429 1058 1490 pulsum,
1079 1427 1343 1478 divinitate
1362 1441 1457 1491 per
1470 1427 1669 1489 aliquot
1686 1439 1845 1476 annos
1858 1427 2113 1489 spoliavit.

291 1487 538 1542 Redactus
569 1493 623 1542 in
651 1495 887 1545 ordinem
920 1495 1098 1558 Apollo
1138 1494 1317 1544 multis
1354 1492 1691 1544 incommodis
1710 1491 1979 1544 afflictatus
1998 1498 2112 1552 est;

289 1567 380 1613 ac,
409 1570 476 1608 ne
508 1561 706 1621 periret
736 1559 870 1611 fame
889 1597 902 1620 ,
937 1573 1148 1625 operam
1180 1572 1327 1610 suam
1360 1559 1547 1610 locavit
1577 1558 1818 1616 Admeto,
1845 1558 2117 1610 Thessaliae

286 1621 427 1685 regi,
455 1626 608 1686 cujus
626 1637 813 1689 greges
834 1627 1118 1690 pascendos
1137 1627 1337 1690 accepit
1354 1625 1599 1688 (Metam,
1626 1625 1718 1676 lib.
1740 1625 1813 1688 2).
1837 1624 1962 1676 Hinc
1984 1626 2116 1677 deus

285 1694 556 1752 pastorum
581 1691 788 1743 habitus
807 1693 932 1752 fuit,
960 1694 1118 1756 eique
1140 1693 1507 1744 immolabatur
1522 1691 1680 1756 lupus
1696 1730 1710 1751 ,
1732 1693 1906 1742 ovium
1936 1691 2112 1755 pestis.

289 1757 527 1806 Armenta
550 1758 623 1808 sic
649 1765 940 1821 pascentem
961 1759 1238 1822 aliquando
1258 1759 1382 1809 vidit
1406 1758 1686 1810 Mercurius
1700 1795 1713 1814 .
1736 1757 1891 1820 eique
1911 1770 2114 1808 vaccam

291 1817 416 1870 dolo
442 1824 690 1887 surripuit
713 1841 725 1873 :
763 1838 882 1875 mox
909 1827 1070 1889 ipsam
1097 1826 1331 1889 eiusdem
1359 1825 1588 1876 humeris
1613 1823 1791 1874 furtim
1818 1823 2115 1886 pharetram

292 1883 531 1939 detraxit.
561 1891 770 1956 Daphne
801 1891 854 1942 in
879 1892 1080 1943 laurum
1109 1892 1175 1943 ab
1200 1907 1263 1944 eo
1290 1897 1485 1945 mutata
1515 1889 1616 1942 fuit
1650 1890 1892 1955 (Metam,
1921 1889 2013 1942 lib.
2044 1889 2112 1953 1).

289 1952 625 2017 Hyacinthus,
649 1971 808 2021 quem
826 1958 969 2009 disco
989 1958 1287 2023 imprudens
1308 1957 1655 2010 colludentem
1681 1958 2043 2014 interemerat,
2064 1958 2117 2006 in

287 2019 476 2071 florem
507 2024 865 2086 cognominem
895 2030 1122 2076 mutatus
1143 2027 1491 2089 est(Metam.,
1510 2025 1601 2076 lib.
1627 2024 1733 2087 10).
1768 2023 1830 2073 At
1850 2022 2117 2087 Hyacinthi

288 2093 534 2147 parentes
554 2090 834 2151 Apollinem
853 2129 867 2148 ,
887 2097 948 2141 nt
969 2104 1145 2153 poenas
1164 2098 1497 2155 expeterent,
1526 2090 1770 2147 insecuti,
1791 2087 1971 2153 fugere
1996 2103 2116 2141 coe-

291 2157 486 2211 gerunt
498 2152 550 2202 in
569 2155 832 2213 Troadem,
847 2157 936 2207 ubi
952 2156 1132 2207 incidit
1143 2157 1194 2205 in
1212 2159 1521 2220 Neptunum,
1533 2158 1667 2209 coelo
1682 2156 1874 2219 pariter
1887 2158 2119 2208 exsulan-

293 2220 408 2263 tem
424 2253 437 2270 .
452 2216 585 2267 irato
605 2220 726 2271 Jove
746 2259 758 2277 ‚
774 2222 826 2271 in
839 2236 998 2285 quem
1012 2236 1132 2273 cum
1149 2222 1247 2273 diis
1265 2225 1461 2285 aliquot
1475 2223 1853 2285 conjuraverat.
1876 2222 2037 2273 Ambo
2052 2220 2117 2272 ad

297 2279 696 2357 Laomedontem
711 2323 723 2342 ,
745 2288 831 2349 qui
845 2290 1045 2353 Troiam
1064 2294 1190 2338 tunc
1210 2287 1519 2347 aedificabat,
1543 2286 1869 2347 confugiunt,
1889 2300 1949 2336 ac
1968 2293 2119 2349 pacto

291 2353 472 2409 pretio
505 2356 692 2401 navant
730 2366 933 2417 operam
973 2353 1333 2407 construendis
1374 2352 1538 2414 Trojae
1571 2350 1830 2401 moenibus
1866 2352 2114 2412 (Metam,

287 2413 387 2463 lib.
415 2413 518 2477 11).
542 2417 704 2475 Quum
719 2422 1018 2483 promissam
1039 2419 1336 2471 mercedem
1356 2423 1573 2479 negaret
1584 2414 1891 2472 Laomedon,
1913 2418 2117 2480 conspi-

286 2487 475 2531 rarunt
503 2482 556 2531 in
585 2485 854 2548 periurum
890 2500 1092 2550 regem,
1125 2488 1345 2549 ejusque
1386 2483 1642 2535 civitatem
1682 2482 1980 2542 Neptunus,
2020 2483 2114 2535 im·

287 2546 460 2597 missis
477 2551 644 2611 aquiS,
667 2554 856 2603 evertit
871 2566 1052 2616 magna
1069 2566 1135 2605 ex
1155 2558 1329 2617 parte;
1348 2550 1527 2614 Apollo
1547 2547 1833 2613 pestilentia
1852 2548 2116 2611 regionem

289 2612 590 2665 devastavit.
628 2617 724 2668 Tot
763 2620 911 2669 malis
947 2620 1235 2670 remedium
1280 2617 1517 2682 quaesivit
1555 2614 1845 2667 Laomedon
1865 2652 1878 2671 .
1907 2616 2117 2666 oraculo

290 2683 546 2732 consulto.
593 2683 910 2747 Responsum
949 2691 1031 2736 est
1071 2685 1344 2749 placandos
1376 2684 1657 2749 Apollinem
1696 2696 1757 2733 ac
1785 2683 2078 2746 Neptunum
2101 2719 2115 2738 ,

289 2746 495 2808 obiecta
523 2751 764 2801 monstris
791 2751 1003 2803 marinis
1031 2752 1228 2815 trojana
1255 2751 1529 2815 quotannis
1549 2749 1749 2813 virgine
1772 2764 1785 2797 ε
1811 2762 1923 2799 sors
1948 2748 2121 2798 Hesio·

289 2824 434 2872 nem,
465 2816 602 2877 regis
631 2816 793 2879 ipsius
815 2816 994 2875 liliam,
1022 2818 1134 2868 neci
1159 2817 1446 2867 addixerat.
1473 2817 1721 2867 Hercules
1748 2815 1817 2864 ita
1846 2828 1903 2866 se
1930 2814 2117 2863 libera·

287 2882 462 2929 turum
500 2880 641 2931 illam
677 2882 981 2947 spopondit.
1018 2884 1062 2932 si
1095 2883 1387 2935 Laomedon
1414 2882 1665 2946 quosdam
1699 2882 1929 2945 insignes
1954 2892 2120 2942 equos

285 2944 385 2994 sibi
400 2945 552 2996 daret
569 2948 804 3008 metam..
829 2948 924 2999 lib.
953 2949 1056 3011 il).
1081 2949 1323 3000 Promisit
1344 2962 1465 3007 rex;
1490 2954 1561 3006 at,
1588 2949 1804 2999 liberata
1830 2948 1958 3003 lilia,
1982 2958 2121 2997 mon·

285 3011 406 3085 stris
420 3012 618 3063 abactis
632 3018 686 3063 et
698 3014 1000 3072 interfectis,
1019 3016 1291 3066 Herculem
1304 3015 1603 3065 indonatum
1616 3016 1932 3077 irrisumque
1950 3013 2119 3063 valere

280 3076 456 3136 ⁴iussit.
475 3077 742 3135 Hercules,
765 3082 908 3143 justo
929 3080 1106 3132 furore
1133 3083 1385 3145 percitus.
1414 3081 1621 3131 obsedit
1642 3081 1853 3135 urbem,
1871 3078 2034 3140 cepit,
2060 3090 2121 3129 ac

285 3154 466 3205 regem
495 3143 772 3196 interfecit.
816 3148 1015 3197 interea
1051 3146 1314 3209 mitigatus
1345 3146 1548 3209 Jupiter
1582 3147 1774 3195 coelum
1812 3143 2031 3207 Apollini
2062 3156 2125 3195 ac

285 3205 607 3259 divinitatem
638 3211 880 3262 reddidit.
903 3213 1083 3277 Apollo
1111 3216 1379 3277 pristinum
1406 3215 1568 3263 decus
1595 3223 1696 3262 non
1726 3209 1881 3260 modo
1907 3220 2123 3271 recupe-

285 3274 418 3323 ravit
434 3312 447 3331 ,
469 3276 562 3325 sed
585 3290 771 3339 magna
795 3279 952 3330 etiam
970 3281 1269 3331 accessione
1292 3278 1590 3329 cumulavit.
1614 3278 1737 3327 Nam
1756 3276 1809 3326 in
1831 3275 1967 3326 coelo
1992 3275 2122 3324 lucis

286 3340 403 3389 orbi
433 3340 724 3393 dividendae
761 3358 948 3395 munus
970 3346 1201 3408 recepit,
1232 3345 1372 3407 quod
1406 3350 1554 3394 antea
1586 3344 1833 3405 gerebat,
1868 3341 1967 3393 etsi
2002 3352 2121 3403 pro·

290 3404 506 3455 vinciam
533 3405 665 3457 hanc
693 3409 854 3473 aliqui
884 3417 1052 3474 poetae
1075 3411 1305 3461 tribuant
1328 3409 1419 3458 uni
1447 3422 1477 3457 e
1499 3408 1793 3463 Titanibus,
1819 3419 1975 3469 quem
1994 3405 2123 3454 'rita-

286 3480 407 3521 ssem
423 3509 438 3530 .
477 3478 535 3523 et
569 3472 913 3537 Hyperionem
948 3477 1209 3527 dixerunt.
1248 3474 1395 3525 Hunc
1422 3474 1521 3523 alii
1554 3473 1689 3523 Solis
1722 3472 1887 3535 ipsius
1921 3475 2121 3534 patrem
