2317 3850
274 71 452 151 'mil
956 99 1217 144 Arrrnmx
1255 101 1321 142 nr
1360 99 1465 142 uns
1534 85 1541 93 '

671 221 830 272 Carni·
861 220 1021 270 xxvi.
1068 221 1372 270 Anaunion
1404 234 1463 269 nr
1497 219 1733 270 Onssrss.

355 327 701 390 Agamemnon
720 371 733 390 ,
767 331 978 382 domum
1019 329 1211 387 redux,
1250 331 1633 394 clytemnestrae
1664 337 1717 380 et
1739 329 1975 394 AEgisthi.
2008 331 2129 394 ejus

290 389 536 452 adulteri,
579 395 718 447 ferro
756 397 962 448 cecidit.
1002 397 1210 448 Orestes
1243 397 1384 446 ultus
1420 401 1499 444 est
1536 397 1695 458 patris
1732 403 1981 454 mortem.
2030 412 2126 460 pe·

289 467 490 523 tempta
511 469 676 513 matre
698 480 710 512 :
734 476 889 527 quam
910 476 1070 528 quum
1093 463 1362 514 obversari
1376 461 1475 512 sibi
1494 475 1703 526 semper
1720 462 1961 513 crederet
1975 465 2127 516 taedis

290 530 348 574 et
387 530 714 590 serpentibus
752 536 1024 587 armatam,
1064 538 1330 580 oraculum
1368 527 1644 578 consuluit.
1688 529 1760 578 Eo
1788 528 2032 591 jubente.
2069 531 2123 582 in

289 586 556 644 Tauricam
575 597 948 647 Chersonesum
974 596 1236 645 contendit
1250 634 1262 651 .
1288 596 1475 646 comite
1492 593 1679 657 Pylade
1694 634 1706 653 ,
1739 595 1877 657 regis
1894 595 2122 659 Strophii

288 655 399 709 filio
426 675 439 718 ;
462 661 614 723 cujus
631 662 903 712 amicitiam
923 674 1085 724 quum
1112 661 1167 711 in
1205 661 1435 711 maximis
1455 667 1605 711 antea
1630 661 1894 724 periculis,
1920 669 2031 712 tum
2064 663 2140 715 in.

290 721 390 774 hoc
415 727 672 791 praecipue
699 729 814 778 loco
841 733 923 777 est
951 734 1213 790 expertuS.
1248 727 1352 778 Mos
1378 734 1490 778 erat
1526 733 1583 776 ut
1616 726 1847 791 hospites
1886 741 1946 778 ac
1974 741 2128 792 pere·

288 789 423 850 grini
441 794 1018 856 comprehenderentur,
1043 794 1212 844 Dianae
1225 831 1237 850 ,
1263 806 1379 856 quae
1397 793 1471 842 ibi
1491 793 1776 850 colebatur.
1797 794 2121 846 immolandi.

290 855 431 918 Capti
458 857 671 921 Pylades
695 867 750 910 et
768 860 974 910 Orestes
995 858 1322 910 adducuntur
1338 859 1405 908 ad
1426 859 1705 916 Thoantem
1719 899 1731 916 ,
1758 873 2014 910 summum
2040 874 2123 912 sa·-

289 921 575 974 cerdotem.
610 927 658 976 Is
673 964 687 985 ,
717 939 967 976 novorum
990 926 1250 989 hospitum
1268 925 1537 975 nobilitate
1555 931 1845 988 permotuS,
1868 931 1922 976 et
1943 926 2121 977 indole

287 985 520 1048 liberali,
563 1003 725 1054 quum
761 999 1043 1055 utrumque
1079 1003 1315 1050 servare,
1356 991 1513 1042 salvis
1543 992 1721 1054 patriae
1756 991 1982 1052 legibus,
2008 1005 2116 1042 non

287 1061 492 1116 posset,
536 1057 786 1116 alterum,
820 1059 972 1111 ducta
991 1063 1159 1115 sorte.
1188 1058 1499 1108 incolumem
1534 1057 1643 1108 fore
1668 1059 1986 1120 pronunciat.
2020 1059 2117 1110 ilie

287 1127 416 1170 vero
437 1123 662 1174 celebris
697 1131 812 1175 orta
837 1129 916 1174 est
949 1123 1086 1175 inter
1103 1123 1325 1188 Pyladen
1349 1129 1405 1174 et
1432 1123 1649 1175 Oresten
1674 1125 1933 1175 contentio
1948 1163 1960 1182 ,
1989 1124 2117 1178 dum

285 1185 424 1237 alter
442 1188 653 1240 alterius
673 1192 841 1254 perire
871 1191 988 1240 loco
1009 1196 1191 1240 certat.
1224 1191 1346 1240 Sors
1365 1190 1579 1241 Oresten
1597 1188 1791 1240 addixit
1810 1192 1942 1242 neci.
1986 1191 2119 1242 Prie.-

287 1258 402 1302 erat
437 1254 606 1307 Dianae
639 1257 798 1308 sacris
819 1257 1106 1320 Iphigenia,
1133 1257 1327 1307 Orestae
1352 1270 1519 1315 soror.
1541 1257 1667 1306 illuc
1692 1270 1791 1320 per·
1805 1256 2012 1307 Dianam
2048 1271 2117 1310 ex

285 1317 467 1370 Aulide
489 1324 759 1382 translata,
789 1336 950 1389 quum
974 1335 1183 1374 cervam
1200 1324 1253 1372 in
1270 1322 1409 1373 illius
1435 1323 1717 1374 mactandae
1734 1323 1903 1374 locum
1927 1337 2117 1388 suppo-

285 1385 418 1444 suit,
452 1394 511 1438 ut
531 1389 738 1441 Ovidius
761 1396 934 1440 narrat
959 1390 1201 1451 (Metam,
1233 1389 1322 1439 lib.
1353 1389 1469 1452 12).
1502 1389 1790 1453 Iphigenia.
1816 1403 1977 1453 quum
2008 1391 2116 1441 fer·

284 1464 404 1501 rum
441 1454 656 1506 libraret
691 1457 746 1506 in
779 1456 951 1506 fratris
985 1461 1165 1519 caput.
1210 1467 1331 1505 eum
1365 1457 1589 1519 agnovit.
1632 1455 1808 1506 Occiso
1858 1457 2111 1515 Thoante,

287 1517 496 1569 Orestes
511 1533 631 1570 cum
655 1533 861 1578 sorore,
884 1521 1070 1583 Pylade
1086 1559 1100 1578 ‚
1131 1527 1188 1571 et
1207 1521 1376 1572 Dianae
1392 1527 1561 1574 statua
1580 1561 1592 1581 ‚
1620 1521 1773 1573 rediit
1799 1522 1850 1572 in
1870 1523 2117 1575 Graeciam

285 1583 376 1633 ubi
399 1585 658 1648 expiatus,
679 1593 735 1636 et
755 1587 1016 1652 Furiarum
1038 1591 1174 1636 tetro
1194 1587 1442 1650 adspectu
1458 1589 1728 1647 liberatus.
1749 1593 2011 1651 paternum
2032 1601 2117 1638 re-

285 1661 445 1710 gnum
470 1650 690 1703 feliciter
707 1651 1094 1702 administravit.
1117 1652 1306 1703 Eadem
1326 1660 1491 1706 statua
1518 1656 1685 1706 Dianae
1711 1655 1763 1704 in
1779 1653 1970 1704 ltaliam
1986 1665 2111 1716 pos·

284 1721 456 1766 tremo
471 1716 644 1768 delata
665 1724 748 1768 est
769 1755 782 1776 .
815 1724 870 1769 et
904 1719 956 1768 in
984 1718 1187 1779 Aricino
1212 1719 1461 1771 collocata
1488 1734 1718 1772 nemore.
1752 1719 1945 1784 Templi
1984 1718 2113 1770 aedi·

283 1787 409 1834 tuus
422 1820 434 1839 ,
461 1789 516 1833 et
533 1784 776 1836 sacerdos
793 1784 943 1835 istius
963 1785 1128 1836 Dianae
1155 1786 1366 1838 Aricinae
1380 1825 1393 1845 .
1415 1799 1505 1838 rex
1523 1799 1792 1840 nemorum
1811 1787 2111 1844 vocabatur,

284 1861 346 1898 ac
373 1849 531 1912 vulgo
557 1863 742 1902 servus
775 1856 890 1901 erat
919 1851 1161 1915 fugitivus
1180 1891 1193 1910 ,
1225 1854 1315 1916 qui
1348 1853 1528 1904 tandiu
1564 1865 1780 1916 regnum
1814 1854 2109 1908 obtinebat.

284 1916 408 1969 dum
424 1916 490 1967 ab
507 1915 609 1969 alio
631 1915 850 1981 fugitivo
867 1919 1136 1971 commissa
1157 1933 1328 1983 pugna
1342 1921 1509 1973 victus
1533 1923 1841 1971 necaretur..

887 2052 1048 2105 Caput
1068 2052 1249 2104 xxvll.
1272 2054 1504 2105 Uussm.

347 2164 536 2219 Decem
557 2182 718 2221 annos
735 2170 940 2235 Ulysses
959 2172 1150 2225 erravit
1167 2176 1287 2236 post
1302 2170 1525 2223 excisam
1546 2164 1769 2229 Trojam.
1789 2162 1933 2241 prius
1952 2172 2114 2225 quam

280 2239 524 2299 paternos
548 2237 685 2289 lares
709 2239 980 2291 reviseret.
1017 2240 1107 2289 Vix
1131 2240 1395 2302 ingressus
1412 2234 1581 2289 navim
1609 2234 1663 2283 iu
1680 2230 1944 2283 Thraciam
1975 2232 2111 2278 tem·

279 2309 482 2365 pestate
505 2302 710 2357 delatus
735 2312 834 2357 est.
867 2307 940 2356 lbi
971 2306 1221 2369 regnabat
1244 2304 1609 2367 polymnestor,
1631 2300 1780 2362 cujus
1797 2297 1919 2347 fidei
1946 2308 2006 2373 ac
2026 2300 2112 2345 tu·

277 2370 401 2421 telae
421 2370 652 2423 Priamus
664 2372 826 2424 lilium
845 2372 1150 2435 Polydorum
1174 2376 1228 2420 et
1249 2371 1451 2431 regales
1473 2369 1742 2416 thesauros
1756 2401 1769 2418 .
1790 2376 1856 2411 ne
1876 2366 2115 2413 venirent

278 2432 334 2485 in
368 2436 661 2491 Graecorum
697 2451 903 2493 manus,
939 2438 1225 2487 tradiderat
1262 2430 1645 2483 custodiendos
1678 2426 1987 2503 Polydorum
2014 2440 2113 2477 rex

278 2512 490 2563 avaruS,
515 2512 576 2555 ut
595 2518 723 2555 auro
746 2504 1017 2567 potiretur.
1042 2500 1407 2551 trucidaverat.
1440 2493 1666 2547 Hecuba.
1690 2491 1743 2541 id
1770 2502 1931 2553 quum
1955 2493 2115 2543 resci-

277 2568 440 2619 visset
484 2571 634 2631 (nam
675 2568 834 2630 ulyssi
877 2568 932 2615 in
969 2566 1171 2627 trojana
1221 2560 1392 2625 praeda
1438 2557 1712 2609 dividenda
1762 2558 2075 2622 obvenerat)
2092 2598 2107 2617 ,

277 2633 716 2695 Polymnestorem
743 2631 868 2681 adiit
883 2669 895 2687 .
927 2632 1072 2681 velut
1097 2630 1301 2691 ignara,
1321 2632 1691 2687 ostentansque
1709 2636 1855 2687 spem
1877 2624 2110 2677 thesauri

276 2697 517 2754 alterius,
543 2710 664 2748 eum
681 2696 890 2747 seduxit
909 2708 938 2745 a
957 2694 1101 2757 regio
1119 2692 1368 2744 comitatu
1384 2708 1398 2750 ;
1419 2704 1539 2741 mox
1562 2690 1793 2741 involans
1810 2689 1864 2739 in
1882 2690 2104 2749 vultum,

277 2764 457 2815 oculos
481 2762 557 2813 illi
589 2762 849 2825 unguibus
879 2759 1035 2810 eruit.
1069 2761 1180 2817 Quo
1218 2756 1353 2808 facto
1378 2757 1635 2822 lapidibus
1661 2770 1689 2807 a
1718 2757 1911 2821 populo
1928 2768 2109 2819 super-

275 2829 518 2881 veniente
531 2829 775 2892 appetita,
787 2828 840 2878 in
851 2838 1028 2877 canem
1051 2824 1285 2877 rabidam
1296 2830 1491 2875 mutata
1507 2822 1604 2876 fuit
1620 2823 1838 2887 (Metam.
1847 2862 1861 2881 ,
1879 2823 1969 2875 lib.
1995 2823 2103 2887 13).

276 2896 510 2958 ulysses,
549 2894 768 2957 repetita
793 2893 1146 2957 navigatione,
1172 2891 1428 2955 abripitur
1448 2891 1501 2943 in
1522 2890 1735 2942 Africam
1766 2890 1831 2941 ad
1852 2890 2105 2953 Lotopha-

273 2974 372 3023 gos
393 2999 409 3020 .
436 2960 510 3011 ita
533 2967 742 3013 vocatos
770 2975 802 3012 a
827 2960 935 3012 loto
960 2960 1148 3012 arbore
1168 2998 1181 3017 ,
1207 2959 1357 3022 cujus
1376 2959 1576 3009 fructus
1600 2964 1703 3008 tam
1730 2970 1917 3007 suaves
1941 2954 2105 3007 habe·

272 3028 368 3081 bat
395 3026 702 3085 illecebras.
737 3033 797 3079 ut
829 3026 1042 3078 advenis
1067 3027 1379 3079 oblivionem
1412 3026 1589 3089 patriae
1614 3024 1847 3081 afferret,
1882 3021 2107 3085 eiusque

271 3096 526 3148 suavitate
543 3100 722 3159 captos
741 3108 772 3145 e
795 3094 948 3145 sociis
967 3094 1074 3145 suis
1091 3092 1368 3145 nonnullos
1388 3093 1591 3157 Ulysses
1610 3090 1857 3142 amiserit.
1884 3088 1995 3144 Alii.
2023 3100 2109 3139 re·

273 3162 566 3227 dintegrato
591 3174 775 3221 cursu.
810 3160 1036 3213 Siciliam
1063 3174 1185 3211 cum
1208 3172 1274 3211 eo
1300 3163 1599 3210 tenuerunt.
1627 3158 1728 3207 Sex
1750 3166 1931 3206 eorum
1954 3154 2046 3203 Pol
2080 3178 2104 3194 ο

270 3229 517 3293 phemus.
569 3230 846 3293 cyclopum
881 3228 1204 3285 teterrimus,
1251 3225 1514 3277 devoravit
1550 3224 1794 3286 (Metam,
1840 3220 1932 3270 lib.
1978 3166 2102 3297 143.

270 3296 480 3358 ulysses
497 3294 615 3345 vino
633 3309 844 3357 gravem
864 3287 1051 3347 invasit
1067 3333 1080 3352 .
1099 3295 1255 3357 eique
1274 3304 1434 3342 unum
1448 3330 1461 3350 ‚
1486 3302 1641 3354 quem
1660 3288 1713 3339 in
1734 3288 1919 3364 fronte·
1932 3282 2105 3365 media

269 3361 511 3423 gerebat.
549 3363 758 3411 oculum
781 3362 1080 3426 exsculpsit.
1109 3360 1231 3411 lude
1252 3357 1321 3409 ad
1339 3359 1537 3410 AEolum
1561 3367 1786 3421 propere
1814 3350 1971 3429 fugit..
2006 3364 2105 3415 qm-

268 3431 452 3478 ventos
498 3424 742 3479 adversos
776 3428 982 3481 utribus
1016 3427 1243 3479 inclusos
1285 3424 1339 3476 in
1362 3425 1474 3491 ejus
1512 3424 1685 3477 navim
1724 3421 2007 3484 congessit.
2032 3430 2103 3469 ne
