2317 3850
934 129 1156 173 ODARUM
1197 130 1349 171 Lmen
1386 129 1447 171 11.

999 460 1150 521 ODE
1202 457 1357 517 xvi.

401 624 482 663 sibi
497 624 559 662 ias
581 634 666 662 esse
686 625 830 663 Bacchi
847 625 986 663 laudes
999 652 1009 670 ,
1031 627 1076 661 ut
1098 624 1187 669 ejus
1202 622 1361 659 numine
1376 622 1495 667 pleno
1515 627 1556 659 et
1578 623 1777 661 concitato
1790 651 1801 671 ,
1822 630 1983 661 canere.

556 764 828 821 Bacchum
857 764 915 819 in
941 763 1172 819 remotis
1196 762 1442 817 carmina
1470 764 1705 831 rupibus

556 835 686 891 Vidi
717 834 1004 889 docentem
1037 833 1275 902 (credite
1295 874 1311 899 ,
1340 834 1614 902 posteri),

699 904 1092 975 Nymphasque
1117 905 1399 961 discentes
1415 944 1431 970 ,
1455 910 1510 959 et
1535 917 1699 959 aures

769 974 1138 1045 Capripedum
1168 976 1491 1043 Satyrorum
1518 983 1731 1031 acutas.

347 1044 384 1105 5
558 1044 742 1101 Evoe!
777 1048 984 1101 recenti
1011 1060 1167 1101 mens
1196 1046 1439 1113 trepidat
1466 1050 1646 1111 metu,

560 1114 844 1184 Pienoque
871 1116 1070 1173 Bacchi
1100 1122 1323 1185 pectore
1350 1115 1635 1171 turbidum

703 1185 968 1243 Laetatur.
997 1186 1180 1243 Evoe!
1216 1200 1405 1255 parce,
1432 1186 1625 1249 Liber,

663 1274 670 1280 “
772 1257 974 1324 Parce,
1005 1258 1160 1329 gravi
1187 1256 1475 1313 metuende
1503 1256 1719 1325 thyrso,

561 1327 670 1383 Fas
699 1329 1011 1397 pervicaces
1039 1335 1124 1384 est
1153 1327 1291 1383 mihi
1317 1326 1599 1396 Thyades,

320 1395 388 1457 10

565 1397 809 1467 vinique
839 1398 1076 1465 fontem,
1108 1398 1270 1454 iactis
1302 1404 1356 1460 et
1386 1398 1586 1452 uberes

704 1468 942 1526 Cantare
968 1470 1143 1535 rivoS‚
1172 1474 1341 1537 atque
1368 1468 1584 1522 truncis

777 1540 959 1607 Lapsa
991 1540 1142 1593 cavis
1168 1538 1371 1592 iterare
1398 1537 1579 1592 melia.

563 1607 672 1662 Fas
701 1614 756 1661 et
783 1606 958 1663 beatae
981 1608 1241 1675 conjugis
1265 1606 1513 1659 additum

564 1677 760 1733 Stellis
783 1677 1053 1731 honorem
1073 1719 1086 1742 ,
1122 1680 1377 1741 tectaque
1404 1674 1632 1730 Penthei

320 1748 390 1807 15

703 1746 946 1813 Disjecta
978 1758 1087 1800 non
1118 1746 1224 1799 levi
1255 1744 1443 1809 ruina,

780 1814 1011 1871 Thracis
1038 1821 1094 1871 et
1121 1814 1351 1871 exitium
1375 1814 1634 1883 Lycurgi.

566 1886 652 1942 Tu
673 1885 850 1940 flectis
875 1898 1068 1942 amnes
1084 1928 1098 1953 ‚
1130 1893 1192 1942 tu
1219 1898 1367 1940 mare
1390 1884 1723 1950 barbarum;

563 1955 647 2012 Tu
675 1957 946 2024 separatis
976 1957 1178 2012 uvidus
1212 1957 1265 2011 in
1293 1957 1449 2026 jugis

709 2027 870 2085 Nodo
896 2041 1116 2084 coerces
1136 2027 1391 2098 viperino

340 2199 602 2294 LmBemott's.
622 2207 778 2246 scilicet
789 2209 841 2246 ab
858 2208 1063 2247 hominum
1076 2219 1171 2248 con-

281 2265 378 2308 θροῦ
426 2285 437 2294 .

339 2313 379 2348 k.
408 2308 580 2349 Acutae.
598 2312 658 2351 Ad
676 2314 918 2352 audiendum
935 2320 1102 2354 erectas.

342 2366 382 2400 a.
410 2361 545 2401 Evae!
562 2367 593 2403 0
611 2368 786 2404 Bacche!
809 2369 938 2405 dictus
957 2373 1018 2406 est
1034 2371 1149 2407 Evius
1164 2397 1175 2415 ,

284 2415 346 2454 vel
364 2419 504 2452 ssvoeus
519 2444 528 2462 ‚
549 2427 573 2454 a
587 2421 684 2457 Jove
700 2447 712 2467 ,
733 2430 856 2466 quum
871 2431 954 2458 rem
973 2423 1012 2459 in
1032 2424 1173 2468 Gigan-

287 2471 346 2506 tes
365 2472 524 2507 strenue
547 2477 700 2516 gereret
719 2487 728 2509 :
754 2475 873 2512 solita
899 2476 1177 2513 bacchantium

285 2523 538 2560 exclamatio.
555 2543 604 2552 —
617 2523 752 2574 Mens,
773 2531 852 2565 etc.
873 2529 1010 2564 Adbuc
1029 2529 1175 2566 attoni-

288 2578 352 2612 tus
373 2585 460 2613 sum
473 2603 483 2621 ‚
514 2580 556 2614 et
570 2587 684 2615 sacro
707 2581 882 2626 quodam
902 2581 1066 2617 horrore
1085 2589 1175 2625 per-

287 2628 389 2666 citus
401 2657 412 2674 ,
428 2638 568 2675 nempe
587 2632 640 2668 ob
655 2633 781 2670 visum
798 2642 956 2669 numen.

344 2685 384 2719 ⁷.
412 2680 548 2720 Liber.
580 2685 642 2720 Sic
665 2689 830 2723 vocatur
863 2685 1038 2720 Bacchus
1053 2709 1062 2725 ,
1082 2683 1177 2726 quia

281 2742 433 2777 masna
459 2737 579 2782 estin
607 2738 694 2774 vino
722 2739 882 2774 libertas
899 2762 910 2779 ‚
934 2739 974 2770 et
1001 2733 1177 2770 licentia.

343 2789 384 2824 8.
417 2784 564 2826 Parce.
597 2790 711 2834 Quod
739 2787 917 2824 mortalis
942 2787 1060 2822 deum
1086 2793 1180 2822 con-

287 2842 498 2884 spexerim.
518 2860 573 2868 —
601 2838 732 2878 Gravi
761 2836 997 2875 metuendo.
1028 2838 1179 2881 injecto

289 2893 394 2930 enim
414 2894 548 2939 thyrso
573 2893 749 2928 furorem
777 2890 891 2926 simul
916 2890 1076 2934 injicere
1109 2899 1181 2934 pu-

289 2945 452 2982 tabatur
466 2945 654 2982 Bacchus.
678 2962 733 2970 —
761 2941 936 2989 Thyrea.
965 2944 1033 2978 Est
1067 2942 1181 2982 hasta

289 2996 666 3044 pampini-involuta
678 3022 688 3039 ,
705 3004 784 3039 qua
799 2993 972 3031 Bacchus
986 2999 1178 3033 armatur.

346 3055 386 3088 9.
413 3047 498 3086 Fas
527 3051 609 3094 est,
655 3051 736 3084 etc.
773 3047 968 3093 Quoniam
1019 3048 1180 3094 impune

289 3103 486 3140 Bacchum
495 3099 596 3144 vidi,
610 3102 651 3136 et
667 3101 755 3146 ejus
774 3101 932 3137 numine
962 3109 1049 3138 sum
1071 3102 1178 3139 affla-

291 3160 378 3200 tus,
406 3154 498 3189 iicet
521 3152 640 3199 mihi,
669 3155 757 3190 tuto
785 3161 970 3199 possum,
993 3157 1078 3200 ejus
1097 3155 1185 3192 iau-

291 3208 363 3244 des
379 3214 540 3251 canere,
562 3215 676 3244 sacra
701 3207 940 3244 describere.
961 3225 1010 3234 —-
1034 3205 1178 3244 Pervi-

291 3267 429 3298 caces.
457 3261 681 3306 Protei-vas,
710 3261 948 3305 petulantes.
971 3279 1020 3288 --
1046 3259 1185 3310 Thya-

291 3310 385 3349 aas.
416 3313 610 3358 Bacchas,
628 3314 840 3351 uoenadas.

349 3367 412 3401 10.
446 3362 621 3412 Vitiique
638 3363 816 3413 sontem,
840 3369 920 3403 etc.
941 3369 1032 3404 Hoc
1051 3367 1185 3404 omnia
1219 3402 1225 3406 .

290 3417 469 3452 Bacchus
481 3417 621 3454 recisse
634 3419 852 3466 dicebatur,
868 3428 992 3466 quum
1003 3429 1052 3458 ex
1063 3420 1185 3457 indiis

1226 2209 1375 2246 rediret
1391 2237 1400 2255 ,
1421 2209 1461 2246 in
1478 2207 1754 2254 triumphantis
1780 2214 1955 2252 morem;
1978 2215 2123 2252 nempe

1228 2263 1306 2300 vini
1340 2263 1469 2300 tontes
1494 2264 1535 2300 in
1557 2262 1675 2300 >siccis
1706 2261 1811 2306 agris
1838 2259 2043 2307 elicuisse,
2078 2262 2125 2297 et

1227 2315 1343 2354 iactis
1363 2318 1489 2360 rivos,
1510 2318 1588 2352 etc.

1288 2372 1352 2405 12.
1380 2367 1559 2406 iterare.
1578 2369 1725 2404 lterum
1750 2368 1871 2410 atque
1888 2365 2033 2402 iterum
2050 2374 2119 2402 ca·

1230 2431 1349 2466 nere,
1374 2420 1542 2456 dicendo
1572 2419 1826 2461 ingeminare.

1286 2476 1352 2510 13.
1382 2469 1597 2518 Conjuqis,
1622 2473 1702 2507 ete.
1732 2469 1930 2506 Coronam
1958 2471 2120 2516 nuptia-

1230 2525 1309 2562 lem
1334 2524 1543 2567 Ariadnes,
1586 2530 1707 2566 quam
1744 2520 1867 2558 stellis
1894 2520 2121 2567 inseruisti,

1232 2585 1354 2621 quum
1374 2575 1481 2611 iiiam
1511 2583 1534 2610 a
1560 2575 1707 2611 Theseo
1742 2574 1940 2611 desertam
1958 2575 2123 2612 duxisti.

1288 2629 1352 2667 ib.
1383 2623 1577 2664 Penthei.
1612 2628 1829 2672 Pentheus,
1861 2636 1933 2664 rex
1969 2627 2118 2665 Theba—

1230 2689 1321 2716 rum
1335 2707 1345 2724 ,
1359 2681 1455 2723 quia
1476 2679 1669 2717 Bacchum
1692 2685 1892 2726 spreverat
1905 2708 1914 2726 ,
1934 2689 1958 2717 a
1976 2683 2121 2722 matre,

1232 2741 1303 2778 per
1315 2733 1513 2769 Bacchum
1528 2733 1569 2768 iu
1584 2733 1758 2770 furorem
1770 2737 1859 2771 acta
1869 2761 1879 2780 ‚
1902 2733 2125 2776 discerptus

1232 2787 1293 2820 est
1304 2811 1315 2830 ‚
1336 2788 1377 2821 et
1394 2786 1481 2830 ejus
1498 2785 1772 2834 regiaeversa.
1986 2831 1988 2833 ¹

1288 2840 1354 2874 16.
1383 2834 1583 2886 Lycur-98.
1604 2843 1681 2876 Rex
1707 2839 1880 2876 Thraciae
1902 2838 2000 2883 tuit3
2024 2837 2121 2883 qui,

1234 2899 1356 2935 quum
1386 2891 1483 2926 vites
1525 2894 1610 2928 tota
1644 2893 1803 2936 regione
1837 2891 2018 2934 jussisset
2058 2900 2131 2925 ex-

1232 2943 1382 2988 scindi,
1410 2953 1434 2980 a
1465 2944 1618 2987 Baccho
1647 2945 1687 2980 iu
1714 2943 1889 2979 tutorem
1914 2943 2051 2986 actus,
2084 2946 2133 2980 et

1234 2995 1359 3034 oculis
1372 2997 1547 3041 privatus
1568 2999 1642 3031 est.

1290 3053 1336 3086 17
1345 3074 1355 3085 .
1374 3045 1529 3086 Flectis
1545 3055 1705 3084 amnes.
1723 3044 1862 3082 indum
1876 3046 1917 3080 et
1933 3046 2127 3094 Gangem,

1235 3102 1374 3139 fluvios
1402 3101 1523 3138 indiae
1555 3099 1625 3144 (de
1664 3107 1742 3144 qna
1771 3097 1945 3135 Bacchus
1983 3100 2122 3136 trium·

1235 3156 1389 3201 phavlt)
1410 3183 1419 3199 ‚
1441 3156 1602 3198 domas,
1624 3157 1665 3190 et
1681 3151 1824 3190 servire
1841 3152 1915 3189 tibi
1936 3153 2060 3196 cogis.
2073 3171 2129 3182 -—

1234 3205 1486 3246 Barbarum.
1514 3206 1708 3244 indicum.

1293 3264 1357 3298 18.
1386 3257 1620 3308 Separatis.
1646 3259 1819 3297 Remotis
1837 3287 1848 3306 ‚
1872 3258 2051 3295 secretis.
2072 3276 2128 3286 —

1238 3311 1405 3354 nvidus.
1426 3315 1527 3351 Vino
1545 3313 1741 3350 madidus.

1293 3371 1358 3405 19.
1393 3364 1533 3412 Nodo,
1578 3370 1659 3404 ete.
1718 3365 1852 3402 Crines
1886 3363 2125 3400 Baccharum

1240 3422 1352 3467 (que
1366 3419 1584 3458 Bistonides
1596 3419 1801 3462 dicuntur)
1825 3427 1837 3452 ι
1854 3415 2021 3454 Bistonis
2039 3423 2124 3451 mu·
