2317 3850
865 66 1171 110 summum
1209 66 1361 109 mesti
1400 66 1459 110 ii.

1950 48 2061 111 217

373 168 399 193 ι
423 143 644 213 -Accipe
663 143 814 212 quod
844 156 1126 212 nunquam
1159 143 1355 198 reddas
1381 141 1547 205 milii,
1580 164 1601 189 ι
1631 142 1679 197 si
1711 141 1811 197 tibi
1841 140 2053 207 dieam;

363 216 525 271 Tune
551 215 786 269 insanus
808 215 950 280 eriS,
978 214 1026 268 si
1053 214 1370 281 acceperis?
1391 224 1459 267 an
1493 213 1669 282 magis
1694 226 1887 268 excors

367 286 590 355 Rejeeta
617 284 800 353 praeda
832 297 996 353 quam
1020 297 1266 353 praesens
1293 282 1606 339 Mercurius
1634 280 1785 337 fert?

368 386 440 398 —
460 355 654 412 Scribe
672 354 854 410 decem
877 368 908 409 a
927 356 1193 410 Nerio.-
1205 355 1328 410 Non
1352 359 1439 407 est
1458 354 1631 417 satis;
1653 352 1793 409 adde
1810 351 2022 411 Cicutae

250 426 334 487 70
371 426 584 483 Nodosi
609 425 830 481 tabulas
855 429 1109 491 centum,
1137 425 1291 479 mille
1316 424 1455 479 adde
1484 430 1709 479 catenas
1738 440 1754 478 ε

369 496 617 567 Effugiet
649 501 828 551 tamen
859 496 974 551 haec
1003 496 1305 551 sceleratus
1331 494 1553 549 vincula
1580 494 1839 551 Proteus,

368 568 553 635 Quum
583 566 764 636 rapies
791 567 850 621 in
874 568 972 637 jus
998 567 1163 621 malis
1190 566 1461 621 ridentem
1487 564 1689 621 alienis
1710 606 1725 631 ,

367 638 496 695 Fiet
513 651 664 706 aper,
687 637 848 693 modo
871 638 1008 702 aviS‚
1035 636 1201 693 modo
1233 649 1447 702 saxum,
1476 640 1552 701 et,
1574 648 1749 704 quum
1773 635 1941 702 volet,
1964 649 2059 692 ar-

371 708 596 765 simale
609 722 724 763 rem
741 721 950 777 gerere,
969 708 1154 763 insani
1172 713 1287 772 θεῖς
1302 715 1497 762 contra
1515 748 1529 772 ,
1546 706 1687 761 bene
1704 706 1829 761 sani
1851 728 1864 770 ;
1912 707 2061 773 [bor.

257 778 336 839 75
369 779 634 836 Putidius
662 780 839 835 multo
867 777 1152 835 cerebrum
1184 782 1301 844 est,
1333 777 1468 833 mihi
1498 776 1693 842 crede,
1723 776 1951 845 Perilli,

371 850 680 913 DictantiS,
708 850 858 919 quod
886 855 946 906 tu
977 862 1264 919 nunquam
1290 847 1595 904 rescribere
1618 847 1830 917 possis.

444 918 656 978 Audire
673 961 688 985 ,
714 926 882 989 atque
909 925 1092 990 togam
1116 920 1289 989 jubeo
1316 931 1675 988 componere,
1700 917 1968 989 quisquis

373 989 697 1046 Ambitione
723 991 894 1057 mala,
925 996 1025 1046 aut
1053 992 1270 1061 argenti
1294 989 1465 1061 pallet
1488 1002 1703 1056 amore,

374 1060 650 1131 Quisquis
680 1061 928 1126 luxuria,
956 1062 1175 1117 tristive
1204 1060 1635 1130 superstitione,

263 1130 343 1193 80
375 1132 491 1187 Aut
512 1131 624 1188 alio
653 1132 855 1186 mentis
885 1132 1080 1187 morbo
1103 1132 1277 1193 calet;
1312 1132 1421 1187 buc
1446 1132 1679 1200 propius
1708 1141 1823 1197 me,

374 1202 519 1258 Dum
546 1201 716 1257 doceo
745 1202 994 1257 insanire
1016 1215 1210 1257 omnes
1228 1243 1241 1267 ,
1273 1214 1374 1257 vos
1398 1201 1594 1256 ordine
1619 1200 1790 1255 adite.

376 1272 570 1328 Danda
598 1277 685 1327 est
707 1272 938 1327 ellebori
964 1272 1137 1328 multo
1166 1285 1297 1341 pars
1327 1271 1561 1326 maxima
1591 1270 1775 1325 avaris
1804 1285 1822 1323 z

376 1343 578 1399 Nescio
605 1356 674 1397 an
702 1342 1025 1411 Anticyram
1053 1342 1198 1397 ratio
1226 1341 1345 1397 illis
1369 1342 1612 1397 destinet
1633 1353 1873 1397 omnem.

377 1411 624 1471 Heredes
650 1412 868 1468 Staberi
898 1426 1169 1468 summam
1198 1413 1441 1468 incidere
1466 1410 1755 1480 sepulcrm

263 1483 344 1545 85
378 1483 450 1539 Ni
477 1485 560 1539 sie
578 1483 871 1550 fecissent,
897 1484 1271 1553 gladiatorum
1296 1484 1427 1539 dare
1454 1488 1675 1538 centum

377 1553 637 1611 Damnati
665 1555 872 1625 populo
895 1555 1082 1626 paria,
1117 1560 1289 1625 atque
1314 1553 1539 1624 epulum
1557 1594 1574 1621 ,
1605 1551 1843 1609 arbitrio
1868 1548 2026 1619 Arri,

233 1704 360 1743 quam
381 1696 434 1735 ab
453 1698 504 1735 iis
526 1697 738 1745 reditatum
757 1697 864 1737 nude
884 1695 1012 1735 multo
1036 1697 1130 1734 sunt

241 1750 318 1787 iilis
339 1750 572 1789 insaniores.

293 1806 362 1841 60.
389 1800 558 1851 sorite,
593 1807 676 1842 etc.
717 1802 898 1843 ostendit
926 1801 1126 1840 debitores

237 1862 322 1893 non
339 1855 506 1895 reddere
536 1857 746 1902 pecuniam
764 1857 862 1902 ipsis
881 1857 1016 1894 datam
1031 1884 1042 1902 ‚
1063 1858 1123 1893 at-

233 1916 322 1956 que
343 1909 444 1948 adeo
474 1910 646 1948 insanire
682 1911 900 1948 creditores
931 1917 956 1948 a
983 1909 1126 1955 quibus

232 1970 332 1999 eam
349 1964 563 2010 accipiunt.
587 1961 746 2002 Scribe.
763 1964 921 2002 scilicet
945 1965 984 2000 te
1011 1971 1124 2001 acoe-

234 2015 362 2060 pisse.
391 2033 446 2046 --
473 2014 642 2055 Decem.
688 2016 862 2055 subaudi
905 2015 1030 2054 millia
1064 2024 1127 2052 se·

233 2068 470 2106 ster-tiorum
505 2073 636 2114 (2000
649 2067 706 2118 fr.
719 2072 750 2113 i.
767 2088 822 2098 —
841 2066 986 2106 Ner-2⁰⁰⁴
1016 2070 1122 2113 ouo·

233 2119 336 2158 dam
354 2123 596 2166 argentario.
616 2138 671 2150 —
686 2120 776 2158 Non
799 2123 860 2158 est
885 2118 1012 2165 satis,
1043 2123 1126 2157 eto.

235 2174 328 2210 tion
360 2175 532 2211 sufficiat
565 2173 738 2210 seribere
763 2179 909 2210 nomen
941 2173 1056 2207 tuum
1087 2174 1128 2208 et

234 2225 436 2263 debitoris
465 2226 508 2261 ιιι
530 2225 743 2268 argentarii
780 2223 926 2260 tabulis
954 2235 965 2259 ι
994 2223 1098 2260 adde
1114 2248 1126 2270 ,

232 2279 284 2315 ut
301 2285 370 2314 res
400 2275 473 2312 tibi
504 2276 557 2312 sit
585 2276 732 2321 tutior,
761 2276 921 2314 tabulas
955 2275 1127 2323 cicuta,

227 2329 411 2368 alterius
429 2329 657 2374 argentarii,
673 2337 744 2366 sen
761 2327 1010 2367 ioeneratoris
1023 2329 1126 2372 peri·

231 2381 402 2428 tissimi,
433 2381 504 2426 qni
522 2381 631 2419 mille
662 2381 794 2418 modis
816 2383 858 2418 et
883 2379 998 2417 nodis
1026 2381 1132 2418 solet

231 2435 445 2473 debitores
464 2435 733 2479 constringere
753 2443 804 2472 ne
823 2432 1048 2470 elabantur.

293 2490 364 2525 τι.
394 2485 584 2524 Proteus.
612 2488 656 2524 ld
681 2489 764 2534 est,
804 2486 982 2532 debitor,
1001 2486 1044 2523 in
1057 2493 1126 2523 va-

235 2541 322 2578 rias
340 2540 488 2578 iot-mas
505 2549 548 2578 se
561 2549 718 2578 versans
729 2568 740 2587 ,
759 2542 806 2578 nt
822 2542 1009 2587 Proteus,
1029 2539 1129 2578 deus

236 2593 418 2632 murinus
430 2619 441 2638 ,
462 2595 630 2638 Neptuni
655 2597 808 2640 pastor.

295 2650 364 2684 τ’.
392 2644 544 2693 Malis,
571 2649 652 2685 ete.
681 2647 792 2685 Halia
808 2674 819 2693 ‚
845 2645 928 2684 sire
957 2645 1128 2684 maxillis

238 2699 382 2736 alienis
409 2700 563 2746 ridere,
595 2703 659 2738 est
680 2699 953 2746 intempestive
983 2702 1027 2737 et
1051 2708 1122 2738 uo·

242 2753 378 2798 (niter
401 2752 545 2790 ridere.

300 2806 367 2841 π.
392 2802 439 2843 Si
467 2802 608 2851 male,
640 2807 724 2846 ete.
761 2805 892 2850 Pergit
921 2805 1132 2843 ostendere

245 2855 462 2896 creditores
503 2859 710 2896 stultiores
735 2867 824 2896 esse
866 2858 1131 2895 debitoribus.

242 2909 342 2946 nam
355 2936 366 2954 ,
385 2909 531 2956 inquit,
550 2910 584 2948 si
601 2911 744 2948 stultus
764 2914 846 2956 est,
871 2910 1040 2955 quirem
1055 2911 1130 2947 do·

241 2963 447 3001 nestieam
468 2963 574 3001 male
590 2963 860 3004 administrat.
887 2961 957 3006 qui
978 2970 1052 2999 sua
1070 2962 1129 2998 in·

242 3015 356 3053 seitia
373 3017 416 3054 et
439 3016 676 3060 negligentia
705 3024 788 3052 rem
807 3014 961 3061 perdit,
993 3017 1132 3051 eontra

243 3073 358 3114 vero,
382 3069 418 3106 si
443 3070 549 3114 sapit
575 3069 641 3106 ilie
662 3069 732 3115 qui
765 3076 849 3105 rem
879 3067 1000 3111 tacit3
1025 3068 1133 3103 certe

241 3121 370 3159 multo
412 3121 588 3158 insanior
618 3126 680 3160 est
715 3121 881 3160 Petinus
902 3147 913 3166 ,
957 3118 1133 3156 creditor

241 3173 358 3220 tuus,
392 3174 463 3220 qui
495 3173 628 3212 vendit
658 3175 731 3212 tibi
757 3177 934 3220 statuas,
967 3172 1106 3210 hortos
1116 3196 1129 3217 ,

237 3226 324 3263 ete.

295 3280 367 3317 το.
396 3273 654 3318 Rescribere.
671 3280 740 3318 Est
756 3279 888 3318 delere
906 3275 1016 3325 quod
1033 3275 1131 3316 seri·

238 3333 356 3378 ntum
375 3336 479 3371 erat.

293 3385 369 3423 ⁶17.
408 3381 572 3424 Audire
592 3411 607 3436 ,
643 3387 727 3426 ete.
770 3385 978 3426 stertimus
1019 3385 1129 3436 boe,

345 3448 562 3501 Horace.

1181 1694 1297 1742 quasi
1314 1703 1388 1740 pro
1406 1695 1598 1734 concione
1616 1695 1767 1733 diceret
1786 1721 1795 1739 ,
1820 1692 2071 1739 pronuntiat.

1184 1767 1235 1777 —
1256 1746 1411 1797 Toqam
1423 1750 1688 1798 componere.
1716 1748 1877 1786 scilieet
1891 1745 2072 1783 detinens

1182 1805 1278 1847 toga
1304 1805 1346 1839 et
1374 1804 1508 1841 soluta
1542 1812 1622 1840 non
1656 1801 1772 1841 decet
1802 1799 2007 1839 modestos
2028 1800 2072 1837 et

1181 1858 1357 1893 attentos
1376 1857 1594 1893 auditores.

1236 1912 1304 1947 ¹79.
1330 1906 1653 1960 superstitione.
1690 1907 1829 1947 Cultus
1856 1908 1919 1946 est
1946 1904 2073 1944 falsus

1181 1964 1223 1999 et
1244 1971 1555 2008 supervacaneus
1572 1963 1749 2000 Numinis
1768 1974 1779 1998 ε
1799 1970 1873 2008 pro
1888 1960 1992 1999 salsa
2010 1968 2074 1999 re-

1178 2015 1325 2060 ugione
1340 2025 1446 2061 saepe
1470 2018 1699 2060 usurpatur.

1236 2071 1303 2105 80.
1334 2066 1533 2117 Propius,
1554 2071 1636 2104 etc.
1665 2067 1779 2106 adite
1794 2075 1858 2105 me
1878 2065 2065 2114 propius,

1182 2122 1229 2157 ut
1248 2129 1427 2164 quosque
1450 2119 1678 2167 appellabo.

1238 2174 1305 2209 sa.
1344 2170 1496 2211 Danda
1526 2175 1614 2214 est,
1639 2175 1721 2208 ete.
1762 2170 1911 2209 Avares
1938 2171 2073 2216 primo

1182 2223 1353 2260 insanire
1384 2225 1518 2262 docet.
1557 2221 1800 2260 Elleborum
1833 2227 1895 2259 est
1924 2224 2071 2270 herba,

1185 2284 1267 2320 qua
1298 2277 1447 2313 insania
1489 2279 1709 2322 purgatur-3
1739 2273 1793 2312 de
1830 2273 2071 2313 nitetur-e:

1184 2329 1423 2366 nascebatur
1452 2329 1494 2366 in
1520 2328 1650 2367 insuia
1682 2327 1845 2368 Groeelae
1883 2328 2073 2376 Anticyra

1183 2381 1396 2428 optimum.

1238 2436 1306 2472 st.
1322 2431 1523 2472 Heredes.
1542 2433 1741 2471 stubei-lus
1759 2432 1945 2480 quidam,
1975 2441 2071 2472 ava·

1184 2494 1253 2525 rus
1275 2487 1458 2532 insignis,
1484 2487 1667 2532 idemque
1694 2487 1935 2532 ditissimus,
1951 2486 2077 2531 lussit

1186 2541 1236 2577 ab
1267 2541 1349 2577 suis
1386 2541 1595 2577 heredibus
1634 2540 1765 2577 notari
1794 2542 1836 2577 et
1877 2539 1997 2576 scribi
2030 2539 2075 2576 in

1182 2601 1384 2631 marmore
1408 2601 1489 2638 quo
1516 2594 1604 2639 ejus
1633 2592 1807 2630 tumulus
1836 2592 2069 2638 tegebatur,

1182 2655 1304 2692 quam
1334 2655 1475 2685 eorum
1492 2647 1661 2692 quisque
1682 2653 1879 2683 summam
1897 2645 1939 2682 ln
1957 2645 2075 2682 bere-

1182 2700 1309 2738 ditate
1325 2701 1523 2739 cernenda
1547 2701 1747 2746 cepisset:
1769 2708 1851 2745 quo
1881 2700 2075 2736 testatum

1183 2758 1289 2792 osset
1306 2755 1497 2800 posteris,
1516 2761 1638 2800 quam
1660 2754 1769 2791 dives
1786 2752 1965 2791 obiisset.

1240 2810 1309 2846 8⁸.
1345 2805 1401 2844 Ni
1438 2805 1525 2852 sie,
1557 2811 1638 2844 etc.
1681 2807 1792 2844 cavit
1834 2807 2075 2844 testamento

1183 2866 1258 2898 suo
1272 2887 1283 2906 ‚
1302 2863 1371 2905 ut,
1398 2861 1473 2897 nisi
1491 2869 1687 2897 summam
1712 2861 1821 2898 illam
1839 2868 1913 2897 sno
1936 2858 2073 2906 sepul·

1183 2919 1255 2949 ero
1271 2913 1513 2958 seriberent,
1548 2914 1829 2951 damnarentur
1860 2913 1957 2952 dare
1978 2921 2075 2951 oen·

1185 2966 1270 3002 tum
1290 2966 1401 3010 paria
1421 2965 1685 3008 gladiatorum
1698 2993 1709 3010 ,
1730 2969 1813 3003 ete.

1239 3020 1307 3055 8⁶.
1337 3015 1553 3056 Damnati.
1589 3021 1671 3056 liae
1706 3019 1920 3056 utebantur
1952 3016 2075 3060 vulco

1184 3067 1356 3106 iot-mula
1388 3067 1556 3107 :Heres
1592 3069 1771 3107 damnas
1810 3072 1895 3106 esto
1930 3066 2039 3106 dare
2059 3095 2075 3116 ,

1184 3124 1265 3159 ete.
1288 3124 1415 3166 Atque
1443 3122 1499 3159 ita
1523 3122 1767 3158 sanctissime
1784 3129 1833 3158 ae
1851 3120 2075 3158 tii-missino

1186 3173 1351 3216 obligati
1376 3173 1541 3208 heredes
1558 3175 1609 3210 ad
1632 3174 1858 3210 iaciendum
1876 3172 1938 3215 id,
1959 3173 2077 3219 quod

1183 3227 1421 3263 testamento
1482 3227 1694 3263 cavebatur
1724 3251 1734 3271 ,
1794 3225 2075 3263 censebantur.

1182 3294 1239 3307 —
1271 3275 1423 3316 Porio.
1450 3279 1525 3314 Par
1550 3277 1837 3324 gladiatorum,
1874 3277 1954 3315 duo
1987 3277 2075 3322 gia·

1184 3331 1358 3369 illatore·
1376 3331 1477 3368 inter
1494 3338 1537 3368 se
1554 3330 1782 3375 compositi.
1796 3347 1853 3358 —
1869 3327 2077 3379 Epulum.

1180 3385 1269 3424 noo
1296 3391 1459 3431 quoqne
1500 3383 1751 3423 observatum
1776 3383 1819 3422 in
1843 3383 2077 3424 funeribuso

1814 3447 1879 3500 ¹0
