2317 3850
290 59 399 124 310

891 74 1267 125 nrisrounuu
1305 75 1462 120 UBER
1485 77 1547 122 11.

436 150 595 209 Dixit
606 151 789 208 adhuc
802 151 1018 221 aliquid
1037 153 1246 210 r—Nil
1265 166 1493 211 sane.-
1501 151 1648 224 Quid
1666 152 1850 224 placet
1867 167 2002 227 ergo
2013 152 2127 213 ⁸?—

427 221 582 279 Lana
610 222 889 280 tarentino
916 224 1096 280 violas
1121 224 1342 281 imitata
1363 238 1598 282 veneno.

497 290 578 349 Ac
604 306 674 350 ne
694 291 837 349 forte
861 301 1052 363 puteS,
1088 308 1178 350 me
1195 337 1213 362 ,

429 361 613 432 Quum
640 369 789 420 recte
814 369 1053 423 tractent
1079 366 1209 432 alii,

1236 309 1361 366 quae
1387 293 1566 352 facere
1586 296 1709 364 ipse
1727 308 1978 354 recusem
1995 339 2015 365 ,

1237 366 1463 423 laudare
1491 367 1734 436 maligne
1757 388 1774 423 z

287 429 401 494 210
432 433 535 490 lile
560 447 659 504 per
680 438 962 491 extentum
989 434 1183 492 funem
1207 436 1342 492 mihi
1372 449 1537 506 posse
1565 438 1788 494 videtur

429 505 519 560 Ire
545 509 736 574 poeta,
766 518 945 561 meum
974 507 1075 575 qui
1104 513 1300 577 pectus
1325 507 1569 563 inaniter
1589 509 1783 578 angit,

430 574 655 643 irritat,
680 572 917 638 mulcet..
947 575 1109 634 salsis
1136 577 1446 634 terroribus
1469 577 1692 646 implet,

430 645 511 702 Ut
528 659 757 717 magum
781 651 839 702 et
861 647 1025 703 modo
1050 661 1139 705 me
1166 646 1403 714 Thebis,
1435 647 1598 704 modo
1625 647 1787 718 ponit
1809 645 2076 706 Athenis.

506 716 713 774 Verum
740 729 867 786 age,
896 723 954 772 et
979 717 1071 773 his
1102 719 1204 788 qui
1232 732 1294 774 se
1327 719 1520 777 lectori
1548 720 1772 775 credere
1799 718 2062 789 malunt,

291 781 399 844 215
435 784 611 854 Quam
641 787 974 856 spectatoris
1000 785 1230 844 fastidia
1254 787 1399 844 ferre
1425 789 1686 858 superbi,

432 855 635 912 Curam
658 855 827 913 redde
856 857 1072 912 brevem
1090 900 1106 925 ,
1128 858 1178 914 si
1206 871 1412 915 munus
1439 859 1701 928 Apolline
1728 857 1966 931 dignum

428 925 534 982 Vis
558 925 835 996 complere
857 926 1023 982 libris
1038 971 1051 994 ‚
1084 934 1141 985 et
1157 929 1383 985 vatibus
1405 929 1608 986 addere
1633 930 1838 996 calcar,

434 993 510 1052 Ut
540 996 729 1054 studio
758 998 966 1067 majore
987 1003 1184 1067 petant
1205 999 1474 1056 Helicona
1498 1000 1790 1057 virentem.

432 1065 618 1123 Multa
644 1068 871 1136 quidem
892 1068 1060 1125 uobis
1085 1069 1321 1128 facimus
1349 1070 1495 1126 mala
1525 1085 1672 1141 saepe
1693 1073 1871 1138 poetae

288 1129 401 1194 220
432 1136 532 1203 (Ut
552 1138 743 1194 vineta
771 1145 991 1210 egomet
1010 1143 1215 1198 cedam
1245 1143 1386 1210 mea)
1409 1154 1616 1210 :quum
1646 1141 1750 1198 tibi
1773 1141 1986 1198 librum

429 1207 689 1266 Sollicito
712 1210 937 1278 damuS‚
966 1218 1066 1268 aut
1090 1211 1268 1281 fess03
1295 1226 1468 1282 quum
1495 1212 1771 1278 laedimur,
1793 1224 1973 1267 unum

428 1277 491 1333 Si
520 1280 653 1348 quis
678 1280 981 1338 amicorum
1004 1287 1093 1338 est
1121 1297 1297 1339 ausus
1318 1282 1719 1352 reprehendere
1747 1294 1972 1338 versum
1996 1320 2018 1348 ,

432 1347 619 1416 Quum
644 1351 767 1406 loca
786 1353 903 1420 jam
928 1353 1157 1408 recitata
1185 1353 1524 1410 revolvimus
1549 1352 1877 1418 irrevocati3

430 1417 617 1486 Quum
644 1420 1035 1488 lamentamur,
1058 1436 1171 1480 non
1196 1437 1461 1495 apparere
1483 1424 1708 1480 iabores

293 1482 401 1547 225
435 1490 709 1557 Nostros,
738 1496 796 1547 et
825 1493 981 1549 tenui
1008 1494 1243 1551 deducta
1270 1499 1520 1565 poemata
1542 1493 1671 1559 fllo;

426 1558 613 1689 guum
636 1575 927 1630 speramus
952 1577 1019 1620 eo
1042 1579 1159 1620 rem
1189 1573 1505 1630 venturam,
1538 1568 1624 1632 ut,
1650 1563 1820 1621 simui
1849 1566 2022 1634 atque

484 1631 701 1687 armina
727 1634 989 1690 rescieris
1012 1647 1119 1690 nos
1144 1635 1379 1706 fingere,
1409 1635 1734 1692 commodus
1757 1635 1909 1691 ultro

428 1697 726 1769 Arcessas„
756 1709 813 1760 et
838 1718 1001 1775 egere
1026 1710 1210 1772 veteS,
1233 1710 1290 1761 et
1317 1703 1563 1761 scribere
1589 1719 1779 1776 cogas·

433 1771 549 1829 Sed
573 1776 758 1829 tamen
780 1780 869 1831 est
889 1787 1070 1844 operae
1100 1776 1343 1848 pretium
1367 1787 1704 1848 cognoscere
1730 1774 1929 1848 quales

287 1960 588 2066 »sexangula
612 1964 793 2017 placet?
826 1968 905 2007 cur
933 1970 1178 2016 spectatores

359 2029 382 2056 u
496 2045 507 2055 .

340 2074 434 2110 207.
458 2068 600 2121 Lana,
627 2075 710 2111 etc.
732 2074 861 2112 vestis
873 2082 1075 2121 purpurea
1090 2075 1175 2114 vio-

286 2123 389 2163 lacei
414 2125 585 2173 coloris,
609 2128 735 2165 tincta
763 2127 805 2165 in
831 2129 929 2165 urbe
960 2128 1084 2165 italia
1104 2131 1176 2167 'ra-

288 2182 419 2216 rento.
448 2180 524 2219 od.
552 2184 628 2229 28,
656 2180 728 2220 lib.
750 2184 788 2219 1.
821 2199 875 2210 --
900 2178 1076 2220 Veneno.
1099 2182 1178 2221 Co·

288 2230 374 2270 lore
385 2257 398 2278 ,
416 2240 553 2273 succo.

342 2288 435 2323 208.
467 2285 529 2325 Ac
553 2296 632 2335 nc,
667 2290 748 2325 etc.
780 2286 870 2325 Noli
904 2287 1089 2325 arbitrari
1114 2298 1180 2328 me

289 2338 459 2383 tragicos
475 2343 619 2386 poetas
638 2348 755 2386 parce
776 2339 964 2385 laudare,
986 2341 1082 2384 quia
1096 2345 1176 2379 tra-

288 2391 439 2435 goedias
467 2401 549 2431 non
576 2394 708 2432 scribo
740 2401 841 2440 quas
870 2392 928 2430 ilii
959 2397 1066 2431 recte
1096 2396 1177 2433 tra-

287 2446 411 2481 ciant.

341 2499 437 2533 210.
464 2494 572 2544 Πιο,
590 2501 670 2537 etc.
698 2499 819 2535 Poeta
842 2498 1032 2542 tragicus.

341 2552 436 2587 211.
464 2548 674 2591 inaniter.
696 2553 741 2588 1n
760 2552 1001 2595 argumentis
1021 2550 1121 2589 tlctis
1138 2555 1182 2590 et

288 2602 385 2640 nibli
402 2602 454 2641 ad
477 2612 543 2642 me
560 2604 847 2651 spectantibus.
864 2621 920 2632 —
935 2602 1079 2653 Anqit.
1097 2607 1180 2643 lio-

287 2657 353 2693 vet
366 2683 377 2701 ,
398 2657 618 2702 perturbat.

341 2712 435 2746 218.
475 2706 639 2757 Diaeus.
676 2706 956 2751 Prostissiaior,
991 2706 1059 2752 qui
1091 2710 1178 2745 arte

286 2762 439 2807 magica
466 2761 646 2798 homines
670 2769 719 2797 ex
752 2767 829 2796 uno
857 2758 950 2795 loco
980 2758 1023 2795 iu
1054 2758 1178 2796 alium

288 2814 485 2852 transfert.
513 2831 568 2843 --
602 2809 771 2857 Thebis,
797 2806 987 2847 Athenis.
1018 2809 1093 2847 Od.
1123 2814 1171 2861 e,

340 2920 434 2956 ait.
464 2915 615 2955 Verum
636 2924 715 2964 aye
732 2943 743 2962 ,
774 2917 853 2953 etc.
881 2915 1063 2962 Quamvis
1090 2919 1176 2957 tra-

287 2971 363 3018 sici
396 2974 526 3017 poeto
559 2972 684 3007 artem
714 2976 900 3011 magnam
938 2971 980 3007 et
1010 2969 1176 3009 arduam

286 3023 562 3070 profiteantur,
584 3021 681 3067 noll,
702 3029 727 3059 o
743 3022 888 3068 Coesar,
910 3021 1002 3060 illos
1018 3031 1101 3061 non
1116 3026 1178 3063 di·

286 3078 399 3122 gnari
417 3078 484 3113 tua
504 3082 601 3113 cura
614 3102 625 3120 ,
650 3074 719 3120 qui
740 3074 894 3112 malunt
914 3075 1013 3113 odas
1038 3080 1079 3113 et
1095 3079 1178 3119 aila

287 3130 331 3167 id
347 3138 468 3175 genus
485 3128 660 3166 carmina
672 3127 845 3165 scribere
856 3127 1024 3173 legenda
1040 3132 1080 3167 et
1091 3133 1179 3178 pia.

284 3182 416 3221 citura
434 3182 575 3220 lectori
596 3181 778 3227 placido,
813 3190 934 3227 quam
964 3185 1180 3228 ustodias

284 3236 520 3282 spectandas
542 3244 566 3272 a
587 3235 796 3273 fastidioso
814 3238 1055 3281 spectatore.

340 3291 435 3326 21⁶.
461 3285 619 3327 Redde.
644 3288 829 3334 impende
859 3302 871 3325 ε
903 3289 1079 3327 debitam
1098 3288 1178 3327 iilis

286 3346 423 3378 curam
447 3343 599 3387 tribue,
628 3341 806 3387 brevem,
832 3342 885 3379 ob
903 3344 991 3379 tuas
1020 3343 1175 3387 gravio-

285 3398 350 3431 res
365 3394 664 3443 occupationes.
677 3412 733 3425 —
746 3390 912 3444 nunus,
932 3398 1016 3434 etc.
1032 3394 1180 3435 nibilo-

1229 1969 1388 2008 tbccam
1413 1979 1439 2010 a
1461 1973 1501 2009 tc
1522 1970 1762 2010 aedificatam
1785 1972 1829 2011 et
1852 1972 2126 2010 consecratam

1228 2022 1420 2069 Apollini.

1285 2079 1380 2115 217.
1405 2072 1578 2116 Calcar.
1603 2077 1814 2124 stimulos,
1836 2076 2008 2115 animos.

1284 2133 1379 2170 218.
1409 2128 1630 2170 Helicona.
1645 2131 1721 2169 Od.
1743 2134 1809 2168 11.
1827 2130 1900 2168 lib.
1923 2134 1961 2169 1.

1285 2186 1380 2222 219.
1407 2181 1544 2222 Multa
1570 2181 1705 2223 mala.
1730 2181 1909 2228 intellige
1931 2190 2006 2228 ca,
2037 2190 2128 2227 quo

1231 2239 1363 2281 poetoe
1388 2237 1639 2284 importune,
1669 2237 1802 2283 inepte
1817 2238 1860 2273 et
1882 2238 2127 2282 pmpostere

1230 2288 1398 2327 iaciunt.

1286 2344 1381 2380 220.
1411 2339 1462 2381 Ue
1473 2340 1638 2387 vineta,
1662 2345 1744 2379 etc.
1766 2342 1818 2380 Ut
1833 2342 1943 2386 ipsos
1961 2348 2130 2385 quoque

1230 2397 1373 2438 poetas
1401 2394 1472 2440 qui
1497 2394 1713 2433 lectoribus
1739 2393 1863 2437 masis
1890 2401 2014 2438 quam
2033 2401 2126 2439 spe·

1229 2448 1451 2483 ctatoribus
1487 2447 1644 2493 placere
1677 2448 1836 2491 amant,
1868 2447 2092 2491 vituperem
2115 2457 2128 2481 ε

1232 2499 1318 2544 vel,
1349 2502 1395 2537 ut
1410 2506 1476 2536 me
1495 2506 1660 2543 quoque
1684 2506 1866 2535 accusem
1880 2526 1890 2544 ,
1913 2497 1984 2543 qui
2011 2506 2133 2543 agam

1229 2549 1272 2585 id
1300 2551 1410 2595 quod
1427 2551 1468 2587 in
1486 2549 1576 2586 allis
1602 2550 1850 2593 reprehendo
1867 2561 1877 2585 ε
1897 2551 2055 2591 alienas
2069 2551 2132 2589 vi-

1228 2604 1289 2639 tes
1305 2602 1458 2639 cedere
1471 2627 1480 2644 .
1499 2601 1642 2637 hostile
1661 2599 1815 2637 facinus
1833 2602 1908 2637 est.

1283 2656 1377 2689 221.
1403 2648 1610 2690 Sollicito.
1629 2653 1848 2697 occupato.

1283 2707 1377 2741 228.
1403 2701 1681 2741 newlvimus.
1706 2704 1949 2749 nepotianus.
1985 2724 2042 2737 —
2067 2705 2133 2746 12-

1226 2754 1435 2794 rcvocaes'.
1455 2757 1538 2794 Non
1553 2756 1685 2800 rotati
1700 2764 1750 2795 ea
1773 2758 1916 2795 iterum
1935 2760 2127 2800 recitare.

1279 2811 1375 2847 aab.
1401 2807 1493 2847 Nou
1517 2817 1754 2859 apparere,
1783 2814 1865 2850 etc.
1895 2813 1985 2850 Nou
2003 2813 2126 2852 intel-

1226 2861 1296 2907 ligi
1318 2867 1510 2908 quantum
1533 2862 1863 2912 laboraverimus,
1897 2873 2024 2910 quam
2048 2868 2134 2905 sint

1227 2915 1399 2956 delicata
1443 2918 1485 2955 et
1516 2917 1702 2963 subtilia,
1744 2926 1836 2964 quo
1868 2918 2127 2967 scripsimus,

1227 2974 1431 3016 poemata.
1459 2988 1516 3000 —
1535 2966 1670 3008 Tenui
1693 2969 1780 3019 filo.
1804 2971 1971 3011 Locutio
1999 2971 2129 3013 ducta

1228 3031 1255 3061 a
1275 3023 1356 3062 teia
1371 3024 1570 3062 subtiliter
1585 3027 1710 3062 testa.

1283 3080 1377 3116 227.
1404 3074 1669 3117 Commodus.
1686 3076 1902 3123 Benissnus,
1927 3076 2124 3116 liberalia.

1282 3132 1375 3168 228.
1418 3127 1554 3179 Egere
1583 3132 1711 3169 vates.
1758 3130 1908 3177 opibus
1943 3138 2124 3177 autcas:

1227 3182 1302 3222 des
1317 3191 1517 3221 nummos.

1281 3240 1377 3275 sse.
1403 3232 1489 3276 Sea
1517 3238 1684 3280 tamen,
1717 3238 1803 3274 eto.
1829 3235 2014 3281 Quamvis
2045 3235 2124 3275 im·

1226 3290 1390 3336 portuni
1416 3288 1491 3327 tibi
1513 3288 1638 3325 simus
1661 3297 1734 3325 nos
1753 3290 1907 3335 poeta,
1928 3296 1955 3325 o
1971 3288 2122 3335 costr,

1228 3350 1361 3387 neque
1382 3342 1418 3379 si
1443 3340 1540 3388 quid
1566 3341 1794 3386 scribimus,
1827 3340 2016 3380 continuo
2044 3349 2123 3388 pu·

1229 3397 1318 3435 tare
1339 3394 1554 3435 debeamus
1581 3392 1669 3433 iore
1693 3397 1741 3433 ut
1759 3401 1831 3431 nos
1852 3401 2058 3442 accersas,
2081 3396 2126 3433 et
