2317 3850
23 0 2281 50 ffl—fflffl-ssp

25 51 34 138 -=-*-

870 144 1179 191 sArmAaun
1217 146 1373 191 Linea
1411 147 1452 192 1.
1975 135 2082 198 169

288 235 331 297 5
356 231 421 291 Si
448 235 665 303 peteret
688 243 789 301 per
812 230 1118 287 amicitiam
1149 231 1332 302 patris
1349 273 1364 296 ‚
1394 235 1564 302 atque
1592 245 1750 290 suam
1771 273 1788 300 ,
1819 245 1932 292 non

363 302 686 372 Quidquam
715 301 1040 372 proficeret:
1069 303 1118 358 si
1148 301 1530 370 collibuisset,
1563 303 1632 358 ab
1663 317 1767 361 ovo

360 375 563 445 Usque
591 373 659 429 ad
690 373 835 428 mala
864 373 1094 439 citaret,
1122 373 1187 430 Io
1208 371 1448 428 Bacchei
1484 373 1650 431 modo
1681 387 1899 432 summa

366 445 549 509 Voce,
581 443 745 500 modo
773 443 905 508 hac,
934 447 1159 499 resonat
1186 457 1310 514 quae
1337 444 1563 500 chordis
1592 449 1855 515 quatuor,
1883 446 2016 504 ima.

366 515 464 573 Nil
495 514 711 584 aequale
738 514 953 570 bomini
981 513 1090 570 fuit
1113 514 1224 570 illi.
1259 514 1419 585 Saepe
1442 516 1598 572 velut
1620 517 1719 585 qui

260 585 335 649 10
364 585 651 646 currebat
678 584 905 656 fugiens
932 584 1184 648 hostem;
1218 599 1466 656 persaepe
1488 587 1643 642 velut
1671 584 1769 657 qui

372 656 623 714 Junonis
654 670 812 712 sacra
834 654 1025 712 ferret.
1054 656 1314 712 Habebat
1339 671 1486 728 saepe
1511 657 1815 725 ducentoS,

379 730 532 797 Saepe
555 727 742 783 decem
769 740 960 784 servos
990 747 1004 782 ε
1035 728 1201 785 modo
1230 741 1390 798 reges
1411 768 1427 795 ‚
1456 732 1623 798 atque
1653 725 2004 796 tetrarchae,

374 795 576 854 Omnia
592 811 789 870 magna
810 798 1074 868 loquens;
1096 798 1289 856 modo:
1310 799 1427 856 «Sit
1443 799 1579 854 mihi
1597 812 1788 855 mensa
1809 797 2009 869 tripes,
2023 803 2084 856 ei

373 867 599 926 Concha
626 869 765 924 salis
793 869 950 939 puri,
976 872 1033 925 et
1054 874 1187 941 toga
1207 910 1224 936 ,
1252 883 1376 940 quae
1403 869 1698 927 defendere
1719 868 1932 939 friguS,

269 939 341 1001 15
375 939 643 1008 Quamvis
662 953 851 996 crassa
870 981 884 1005 ,
910 944 1098 1009 queat.
1131 961 1153 989 ι
1200 939 1397 997 Decies
1417 947 1650 997 centena
1677 941 1934 996 dedisses

371 1011 521 1067 Huic
543 1023 740 1080 parco,
772 1011 965 1081 paucis
993 1014 1295 1074 contento;
1321 1012 1572 1082 quinque
1593 1012 1794 1069 diebus

373 1079 470 1138 Nil
501 1086 621 1137 erat
647 1082 705 1136 in
733 1081 957 1138 loculis
978 1082 1186 1138 Noctes
1209 1081 1480 1154 vigilabat
1506 1083 1576 1140 ad
1607 1082 1794 1152 ipsum

371 1149 541 1208 Mane
561 1193 577 1218 ,
607 1152 753 1208 diem
784 1157 963 1208 totum
988 1151 1293 1209 stertebat:
1315 1154 1395 1208 nil
1425 1151 1534 1209 fuit
1559 1165 1804 1224 unquam

372 1222 470 1279 Sic
497 1223 680 1293 impar
707 1223 841 1279 sibi.
871 1223 1035 1278 Nunc
1062 1223 1273 1292 aliquis
1300 1223 1452 1280 dicat
1476 1223 1647 1278 mibi:
1693 1221 1906 1292 «.Quid
1939 1220 2046 1279 tu?

262 1293 339 1357 20
370 1293 612 1350 Nullane
634 1293 810 1349 habes
824 1293 1003 1348 vitia?
1020 1316 1040 1341 ι
1073 1293 1191 1350 lmo
1215 1293 1325 1349 alia
1344 1334 1360 1361 ,
1391 1293 1540 1349 baud
1561 1292 1802 1351 fortasse
1824 1294 2069 1350 minora.

369 1361 612 1421 Maenius
632 1364 919 1420 absentem
940 1364 1179 1420 Novium
1201 1377 1373 1434 quum
1395 1369 1677 1434 carperet:
1707 1384 1729 1410 ι
1755 1363 1912 1420 Heus
1933 1406 1949 1430 ‚
1979 1369 2042 1420 tu
2061 1405 2078 1432 ,

369 1434 611 1504 Quidam
641 1425 751 1502 ait,
784 1435 1013 1506 ignoras
1037 1429 1138 1490 te?
1160 1447 1231 1490 an
1260 1439 1327 1491 ut
1355 1435 1606 1506 ignotum
1633 1435 1764 1489 dare
1794 1433 1962 1490 nobis
2001 1467 2008 1472 -

372 1505 560 1563 Verba
586 1500 794 1578 putas?
812 1535 883 1546 —
898 1505 1136 1577 Egomet
1153 1505 1231 1562 mi
1256 1505 1486 1577 ignosco
1502 1548 1517 1573 ,
1546 1529 1568 1555 »
1602 1503 1844 1562 Maenius
1870 1504 2080 1574 inquit.

372 1576 631 1644 StultuS‚
660 1586 718 1634 et
737 1576 1030 1648 improbus
1056 1577 1147 1634 bic
1169 1589 1325 1632 amor
1349 1581 1466 1644 est,
1486 1577 1803 1649 dignusque
1833 1575 2044 1633 notari.

266 1647 339 1709 25
376 1648 562 1717 Quum
588 1654 684 1704 tua
707 1648 998 1719 pervideas
1020 1648 1203 1704 oculis
1231 1645 1375 1704 mala
1399 1647 1589 1718 lippus
1615 1645 1865 1704 inunctis
1883 1688 1899 1713 ,

372 1719 496 1777 Cur
524 1719 583 1773 in
610 1720 913 1776 amicorum
942 1719 1101 1774 vitiis
1128 1723 1242 1775 tam
1271 1720 1458 1775 cernis
1481 1722 1708 1775 acutum
1728 1760 1744 1785 ,

374 1788 560 1857 Quam
580 1792 679 1842 aut
692 1790 879 1858 aquila
894 1831 910 1856 ‚
924 1795 1023 1846 aut
1039 1803 1272 1862 serpens
1288 1786 1656 1862 epidaurius?
1679 1787 1752 1846 At
1766 1789 1870 1848 tibi
1885 1795 2082 1850 contra

288 1996 333 2032 s.
363 1987 527 2029 Patris.
548 1991 642 2031 sulii
662 1992 843 2043 caesaris,
886 2004 912 2034 a
937 2002 1019 2041 quo
1037 1994 1135 2035 udo-

228 2048 373 2095 piatus
390 2045 537 2083 tuerat.

287 2110 331 2145 ο.
358 2102 411 2145 Si
437 2102 706 2145 collibuisset.
726 2108 765 2146 81
783 2107 910 2147 libido
927 2116 1021 2146 eum
1042 2116 1135 2147 ouu-

232 2159 344 2199 tandi
376 2160 561 2205 cepisset.
578 2178 635 2189 —
652 2157 711 2199 Ab
730 2169 825 2209 ovo,
856 2164 941 2199 etc.
970 2164 1044 2200 Per
1070 2162 1134 2199 to-

235 2214 317 2251 tum
345 2220 505 2251 coenum
521 2239 532 2259 ,
560 2213 603 2250 in
632 2222 713 2259 qua
740 2222 813 2253 ova
838 2215 1035 2261 primum,
1066 2212 1133 2251 do-

239 2272 341 2303 num
358 2274 482 2312 poma
500 2268 815 2312 apponebantur.
834 2268 935 2305 Hinc
947 2295 957 2312 .
982 2268 1034 2305 ub
1054 2274 1133 2305 ovo

237 2318 385 2365 aliquid
416 2328 582 2358 narrare
598 2346 611 2366 ,
648 2320 691 2357 id
708 2323 793 2367 est,
811 2329 837 2359 u
857 2321 990 2367 primo
1016 2318 1132 2358 initio

236 2380 322 2409 rem
340 2376 541 2420 repetere.

291 2436 332 2471 ’1.
354 2430 540 2473 citaret.
571 2432 690 2473 Clara
706 2436 751 2471 et
776 2434 857 2472 alta
883 2441 983 2474 voce
1010 2441 1130 2472 cuno·

232 2488 312 2523 ret.
333 2486 468 2534 Unde,
487 2486 679 2531 recitare,
704 2488 766 2525 est
796 2486 932 2532 palam
948 2489 993 2525 et
1022 2487 1133 2525 claro

232 2538 381 2577 dicero.
402 2556 459 2567 -
482 2538 529 2577 lo
555 2538 739 2582 Bacche.
768 2540 927 2578 initium
951 2542 1013 2578 est
1034 2542 1129 2578 buo-

235 2590 357 2683 {³¹3⁰
379 2595 423 2630 ot
437 2593 609 2638 potorius
635 2591 1130 2633 cantilena—summa.

320 2646 489 2683 tissima.

286 2710 333 2747 8.
360 2705 471 2745 Ima.
490 2707 606 2748 Gravi
628 2710 671 2746 et
687 2708 892 2754 depressa.

287 2771 332 2806 0.
357 2765 429 2804 lvii
456 2767 643 2818 aquale,
674 2771 755 2806 etc.
786 2769 918 2815 Pergit
945 2764 1132 2807 insector!

232 2820 452 2863 iigenium.
485 2838 540 2850 —-
563 2818 756 2870 AEquale.
786 2822 1003 2867 Constans,
1032 2824 1133 2859 tem·

237 2876 437 2919 peratum
453 2894 498 2902 —-
518 2872 637 2924 Soepe
661 2872 778 2911 velut
796 2872 890 2922 qui,
912 2878 995 2911 etc.
1016 2876 1130 2920 sape

234 2925 429 2963 cumbet
440 2928 541 2967 velut
558 2929 630 2975 qui
647 2928 805 2965 bostem
822 2926 976 2970 rugiens
992 2934 1128 2964 curro·

291 3041 356 3077 11.
381 3036 557 3080 sunonis
585 3049 715 3079 sacra
740 3036 893 3091 terret.
922 3038 998 3086 Qui
1014 3046 1132 3079 sacru

222 3088 429 3185 affitn'
449 3095 676 3142 composito
693 3096 736 3133 et
758 3094 865 3139 gravi
885 3093 1006 3141 passu
1027 3093 1131 3131 iuco-

282 3211 353 3245 12.
384 3176 661 3248 ferr-archas.
696 3213 801 3255 Rege
830 3212 895 3247 est
926 3210 1055 3248 minor
1074 3210 1131 3247 te·

218 3262 415 3308 stuciis,
447 3271 623 3315 eumque
657 3266 797 3309 sonat,
836 3263 905 3309 qui
945 3265 1132 3311 quartam

218 3315 301 3353 tut
319 3313 487 3352 ditionis
502 3318 657 3361 partem
676 3317 845 3354 obtinet.

282 3369 354 3405 18.
383 3364 588 3416 Loquens.
639 3368 763 3415 Quasi
800 3376 941 3416 recum
969 3366 1131 3409 illorum

216 3418 383 3460 micus
400 3421 564 3458 intimus
580 3420 699 3459 toret.

282 3474 355 3511 st.
410 3470 605 3523 Concha,
634 3477 716 3515 etc.
753 3472 930 3515 salinum
961 3476 1131 3518 nitidum

331 3543 551 3597 Horace.

1183 2000 1235 2032 ox
1263 1994 1417 2033 concha
1432 2021 1443 2041 ,
1477 1996 1548 2032 aut
1579 1992 1743 2032 concha
1776 1993 1818 2032 ln
1838 2000 1992 2031 morem
2023 1992 2082 2032 tu-

1184 2050 1296 2087 otun
1313 2058 1324 2083 ε
1342 2056 1427 2095 une
1441 2042 1616 2085 saliere.

1241 2103 1308 2137 1⁸.
1337 2096 1504 2147 Decies,
1538 2102 1620 2137 etc.
1639 2100 1682 2137 si
1701 2099 1875 2137 dedisses
1892 2098 2054 2143 Tigellio
2066 2125 2079 2145 ,

1186 2153 1257 2198 qui
1275 2154 1396 2191 modo
1415 2152 1706 2199 parcimoniam
1720 2154 1926 2195 tantopere
1944 2152 2084 2191 laudu-

1185 2205 1256 2243 bat
1269 2232 1281 2251 ,
1307 2205 1438 2243 docies
1463 2208 1629 2242 centena
1659 2204 1784 2241 millia
1810 2204 2080 2242 sestertiorum

1187 2259 1359 2303 (circitor
1388 2260 1560 2301 100,ooo
1580 2256 1663 2301 na),
1687 2258 1782 2302 post
1803 2256 1888 2292 dles
1905 2256 2081 2301 quinquo

1185 2310 1322 2349 omniu
1354 2310 1414 2348 vir
1451 2309 1518 2347 ilie
1551 2317 1695 2356 parcus
1730 2308 1954 2347 decoxlsset
1969 2336 1981 2356 ‚
2014 2310 2083 2347 ab·

1183 2364 1432 2410 sumpsisset.

1241 2420 1308 2455 17.
1336 2412 1520 2454 Locuiis.
1540 2415 1748 2454 crumena.

1243 2472 1308 2507 10.
1355 2467 1517 2519 Impar.
1552 2468 1768 2515 Dissimile,
1803 2465 2031 2514 discrepans
2057 2476 2083 2508 u

1240 2580 1309 2615 so.
1339 2572 1449 2623 Imo,
1486 2577 1568 2613 etc.
1599 2572 1827 2620 Respondet
1857 2573 2077 2611 Horatius:

1183 2630 1343 2674 Fateor,
1368 2628 1497 2666 babeo
1515 2635 1605 2667 meu
1623 2636 1786 2673 quoquo
1803 2626 1899 2663 vitiu
1910 2653 1922 2673 ‚
1943 2628 1987 2663 et
2002 2626 2084 2665 tor·

1182 2683 1290 2721 tasse
1308 2682 1464 2728 majora
1480 2681 1645 2728 rigenti,
1667 2689 1783 2727 quem
1803 2686 1943 2726 carpo,
1958 2680 2080 2718 vltils.

1238 2738 1307 2773 ss.
1337 2732 1470 2774 Verba
1498 2733 1622 2776 dare.
1652 2734 1910 2781 Est-tallere,
1951 2734 2082 2773 multu

1183 2788 1388 2836 polliceri,
1408 2789 1508 2827 nibil
1525 2791 1732 2835 prestare.

1239 2844 1307 2880 ss.
1335 2840 1418 2880 Hic
1449 2851 1586 2881 amor.
1619 2845 1706 2889 Quo
1737 2844 1876 2890 uobis,
1911 2845 1958 2880 ut
1993 2843 2085 2879 ure·

1181 2894 1297 2942 nius,
1318 2895 1451 2934 omniu
1469 2896 1722 2941 ignoscimus.
1741 2914 1800 2927 -
1813 2894 1983 2935 Notart'.
2005 2898 2082 2934 Rc·

1183 2948 1392 2993 prehendi.
1413 2950 1610 2987 notabant
1635 2951 1796 2995 proprie
1817 2958 2004 2990 censores
2023 2950 2082 2987 ci·
2161 3001 2165 3007 Ι

1182 3006 1293 3046 vom,
1314 3000 1510 3045 quidquid
1533 3001 1781 3046 deliquisset.

1236 3056 1305 3092 85.
1334 3050 1535 3092 Inuncts‘s.
1554 3054 1698 3099 Aliquo
1715 3060 1922 3101 unguento
1941 3057 1984 3094 et
1999 3055 2085 3095 col-

1180 3104 1285 3152 lyrio
1309 3106 1516 3153 delibutis,
1539 3115 1620 3152 quo
1640 3108 1745 3146 ucles
1763 3110 1994 3157 obliniatur,
2017 3110 2082 3148 vel

1181 3158 1453 3205 lippientibus.

1238 3213 1306 3249 so.
1347 3208 1543 3249 Acutum.
1573 3214 1676 3258 Pro,
1710 3216 1854 3251 acute.
1884 3215 2076 3255 nanuum

1183 3272 1258 3310 pro
1271 3263 1458 3302 adverbio
1475 3272 1582 3311 saepe
1600 3266 1778 3311 ponitur.

1236 3320 1305 3355 27.
1333 3318 1418 3355 Aut
1436 3316 1602 3367 aquila.
1623 3320 1777 3364 Aquilo
1790 3347 1800 3365 ‚
1821 3320 1864 3357 et
1882 3319 2078 3360 dracones

1181 3372 1376 3409 acerrima
1407 3375 1500 3409 suut
1523 3372 1731 3409 oculorum
1755 3373 1857 3411 acic.
1892 3392 1948 3403 —
1973 3373 2074 3424 Epi·-

1181 3422 1378 3465 Murius.
1407 3426 1526 3465 sacer
1550 3426 1799 3474 AEsculaplo,
1828 3428 2078 3468 medicorum

1183 3476 1262 3517 deo
1279 3478 1459 3527 praesuli.
