2317 3850
297 122 505 223 xxxi&
957 166 1221 212 Arrsuntx
1257 170 1324 211 ns
1359 168 1470 213 nus

299 252 487 317 nomen
535 252 745 304 quoque
777 245 1010 307 sumpsit.
1051 245 1236 295 Priami
1269 259 1420 303 uxor,
1448 246 1696 307 Hecuba;
1727 248 1816 299 filii
1857 252 2143 317 praecipui,

304 306 617 369 Deiphobus,
656 309 913 368 HelenuS,
952 318 1006 361 et
1032 310 1198 370 Paris,
1239 312 1346 362 sive
1371 309 1674 372 Alexander,
1711 314 1916 367 funesta
1956 321 2152 381 patriae

298 371 400 450 fax:
439 374 613 451 Talem
642 374 741 425 sibi
776 376 880 426 visa
910 376 1078 427 fuerat
1109 390 1290 441 parere
1326 384 1511 436 mater,
1556 380 1777 443 eiusque
1815 386 2015 435 somnio
2044 400 2148 437 co-

298 445 466 501 gnlto,
498 439 729 491 Priamus
754 443 926 493 necari
954 455 1174 506 puerum
1195 444 1438 505 jusserat.
1462 446 1672 495 Hecuba
1697 448 1829 497 clam
1855 449 1993 500 inter
2013 465 2146 515 pas·

298 510 441 555 tores
468 506 793 557 educandum
824 510 1049 565 curavit;
1078 510 1172 559 ubi
1199 524 1357 573 quum
1379 512 1548 573 regias
1574 511 1722 563 dotes
1750 515 2054 569 ostenderet
2079 520 2148 569 in

300 571 607 649 conditionis
628 574 938 630 bumilitate,
969 575 1219 638 originem
1258 576 1517 639 probavit,
1553 576 1782 641 ipsisque
1815 583 2022 643 superis
2053 583 2142 633 di·

298 650 430 701 gnus
452 645 533 689 est
552 653 687 688 visus
702 679 713 697 ,
746 641 834 703 qui
851 648 1015 691 ortam
1036 642 1173 693 inter
1194 644 1444 693 iunonem
1459 682 1470 700 ,
1497 643 1752 694 Palladem
1769 684 1781 703 ,
1805 653 1862 696 et.
1881 648 2140 701 Venerem

296 706 699 756 controversiam
722 706 1006 758 dirimeret.
1042 710 1331 759 intererant
1363 710 1520 772 epulo
1537 710 1744 770 geniali,
1773 724 1934 774 quum
1956 715 2142 767 Thetis

298 770 453 849 Peleo
479 771 717 823 nuberet.
749 774 1008 824 Discordia
1032 776 1085 823 in
1116 775 1342 825 medium
1380 775 1506 836 jecit
1529 775 1684 826 fatale
1730 790 1968 839 pomum,
2007 792 2146 833 cum

297 836 394 887 hac
416 838 777 901 inscriptione:
800 841 953 889 Detur
967 840 1270 901 pulchriori.
1299 840 1457 899 PariS,
1479 841 1674 891 arbiter
1697 842 1844 893 durae
1860 844 1964 895 litis
1985 860 2140 898 sum·

299 907 442 966 ptus,
493 916 605 954 eam
641 906 822 957 Veneri
854 906 1186 969 adjudicavit,
1221 913 1274 957 et
1311 908 1407 956 sibi
1450 907 1662 971 suisque
1690 908 1904 961 lunonis
1947 926 2008 963 ac
2040 916 2138 964 Mi·

294 982 469 1021 nervae
496 971 735 1021 conflavit
757 973 891 1022 odia.

362 1036 569 1086 Interim
606 1036 835 1087 Priamus
859 1044 1119 1088 certamen
1142 1038 1398 1088 ludicrum
1421 1036 1671 1088 nobilitati
1705 1040 1918 1102 trojanae
1933 1056 2132 1109 propo·

296 1103 419 1154 suit.
451 1102 619 1153 Adfuit
656 1104 795 1153 Paris
830 1104 997 1154 adbuc
1020 1104 1332 1166 incognitus,
1366 1109 1446 1160 et,
1481 1105 1668 1153 ceteris
1688 1144 1700 1162 ,
1747 1106 1836 1170 qui
1865 1114 2142 1173 congress?

295 1172 523 1227 fuerant..
554 1170 727 1225 victis,
766 1171 932 1233 ipsum
962 1172 1234 1221 Hectorem
1259 1168 1538 1232 superavit.
1566 1172 1773 1229 Hector,
1796 1187 1956 1236 quum
1985 1179 2140 1241 pugi..

298 1238 399 1289 lem
432 1238 661 1300 ignotum
683 1236 823 1287 ferro
854 1246 1272 1300 persequeretur,
1301 1243 1358 1286 ut
1380 1236 1708 1299 ignominiam
1739 1240 1852 1301 ejus
1875 1244 2134 1305 sanguine

296 1305 527 1361 elueret,
570 1303 775 1364 agnos-it
802 1303 1043 1373 fratrem,
1078 1303 1370 1366 conspectis
1399 1304 1554 1353 certis
1586 1303 1867 1366 insignibus
1900 1314 1954 1357 et
1979 1322 2136 1371 gem·

296 1372 419 1427 mis,
451 1382 567 1433 quae
595 1370 803 1420 Hecuba
827 1370 1048 1434 pastori,
1076 1371 1188 1431 ejus
1225 1369 1514 1427 educatori,
1545 1369 1842 1421 tradiderat.
1873 1374 2129 1436 PriamuS,

295 1437 519 1488 fatorum
556 1437 844 1495 immemor,
869 1437 1030 1488 filium
1050 1437 1198 1487 laetus
1223 1450 1302 1486 am
1312 1436 1570 1500 plectitur,
1593 1437 1719 1486 etin
1746 1437 1900 1501 regiae
1923 1450 2134 1504 partem

293 1504 500 1569 accipit.

718 1580 877 1629 Carum
909 1578 1066 1629 XXIV.
1103 1580 1314 1631 Tnoum
1349 1592 1486 1629 aaut
1518 1591 1690 1632 causa.

365 1731 530 1785 Quum
558 1727 805 1779 Hercules
833 1728 1034 1791 Troiam
1070 1734 1319 1787 vastaret,
1351 1729 1649 1787 Hesionem,
1681 1725 2034 1779 Laomedontis
2063 1726 2131 1779 fl·

296 1792 435 1852 liam,
457 1794 744 1851 Telamoni,
765 1808 933 1857 graeco
950 1794 1096 1854 duci,
1120 1797 1394 1859 conjugem
1411 1797 1627 1849 dederat
1643 1796 1878 1860 (Metam,
1898 1793 1988 1844 lib.
2015 1794 2130 1858 11).

297 1860 461 1938 Paris,
488 1861 695 1911 amitam
718 1874 863 1911 suam
897 1863 1238 1927 repetiturus,
1269 1863 1484 1913 classem
1509 1862 1770 1919 instruxit,
1802 1860 2000 1911 Priamo
2022 1874 2132 1913 non

294 1927 481 2006 invito,
506 1927 597 1991 qui
619 1924 805 2004 opibus
831 1933 885 1978 et
906 1929 1067 1992 gloria
1099 1931 1324 1993 pollenS,
1353 1929 1652 1980 imminebat
1677 1929 1728 1978 in
1755 1940 1958 1980 omnem
1987 1927 2128 1989 inju-

296 2007 401 2045 rias
422 2007 450 2043 a
476 1993 663 2044 Graecis
697 1993 849 2046 toties
872 2001 1109 2058 acceptas
1135 1995 1422 2046 vindicandi
1443 1997 1782 2046 occasionem.
1823 1993 1962 2044 Paris
1981 1999 2128 2044 recta

296 2059 531 2122 Spartam
550 2060 814 2110 contendit
841 2061 903 2110 ad
928 2059 1240 2118 Menelaum.
1277 2063 1469 2126 Spartae
1493 2076 1669 2125 regem
1685 2102 1696 2121 ,
1728 2060 1891 2111 tilium
1915 2060 2052 2109 Atrei
2070 2066 2133 2110 et

295 2125 687 2203 agamemnonis
700 2124 929 2178 fratrem.
954 2127 1211 2190 Exceptus
1229 2127 1542 2179 humanitate
1570 2141 1785 2185 summa,
1815 2133 1871 2178 et
1889 2123 2022 2176 domi
2041 2137 2125 2174 re-

297 2191 450 2242 hctus
478 2199 559 2243 est
579 2207 607 2243 a
636 2193 890 2251 Menelao,
914 2194 1000 2245 cui
1022 2200 1134 2245 erat
1152 2195 1254 2246 iter
1269 2195 1322 2246 in
1340 2195 1536 2245 Cretam
1557 2193 1924 2245 necessarium.

364 2257 633 2318 Helenam,
670 2273 886 2312 uxorem
920 2261 1159 2320 Menelai,
1197 2263 1361 2312 Venus
1404 2261 1475 2310 ita
1519 2260 1688 2311 Paridi
1721 2256 2038 2313 conciliavit,
2067 2261 2134 2306 ut

297 2338 413 2376 cum
440 2339 504 2377 eo
523 2326 721 2390 Troiam
746 2327 1058 2391 profugerit,
1084 2328 1334 2389 probante
1353 2327 1575 2382 Priamo,
1604 2327 1695 2388 qui
1720 2325 1992 2374 Hesionen»
2009 2361 2022 2378 ,
2051 2334 2133 2370 so-

296 2405 469 2444 rorem
490 2407 660 2452 suam,
695 2394 766 2444 ita
807 2393 1067 2445 redditum
1094 2394 1158 2443 iri
1204 2393 1354 2443 facile
1392 2392 1658 2453 sperabat,
1696 2390 1742 2437 si
1771 2401 1890 2436 cum
1930 2389 2134 2438 Helena

296 2466 699 2522 permutaretur.
714 2457 897 2513 Contra
914 2474 972 2510 ac
986 2465 1302 2522 speraverat,
1317 2456 1517 2506 accidit.
1539 2456 1661 2503 Nam
1679 2452 1833 2503 Graeci
1852 2451 2134 2503 Hesionem

295 2525 519 2577 reddere
551 2533 829 2589 negarunt,
863 2527 1218 2586 Helenamque
1241 2521 1432 2584 junctis
1473 2518 1667 2568 viribus
1703 2525 1758 2567 et
1793 2516 1948 2566 armis
1980 2529 2137 2582 repe-

298 2596 485 2646 tentes,
508 2592 707 2652 Trojam
724 2629 736 2648 ,
760 2603 855 2653 per
882 2604 1039 2640 annos
1058 2589 1240 2638 decem
1259 2587 1521 2636 obsessam
1539 2623 1552 2641 ,
1577 2585 1688 2636 solo
1711 2584 1920 2633 demum
1949 2595 2130 2644 aequa·

295 2660 435 2708 runt.
463 2656 574 2712 Quo
600 2662 746 2717 pacto
773 2657 975 2718 Ulysses
998 2661 1054 2704 et
1076 2653 1296 2702 Achilles
1313 2651 1378 2700 ad
1405 2651 1504 2700 hoc
1527 2651 1725 2701 bellum
1748 2648 1986 2714 perducti
2010 2648 2130 2702 fue·

296 2721 401 2772 rint
434 2722 644 2784 exponit
670 2721 879 2771 Ovidius
900 2720 1141 2783 (Metam,
1165 2719 1256 2767 lib.
1281 2717 1363 2779 5).

362 2788 501 2838 Idem
537 2787 788 2851 explicat,
814 2783 1246 2850 quemadmodum
1281 2784 1572 2832 Graeeorum
1611 2783 1870 2834 exercitus
1894 2779 2128 2834 Aulidem

296 2853 618 2911 convenerit,
660 2853 841 2916 ibique
867 2851 1033 2902 ventis
1066 2847 1296 2900 adversis
1325 2849 1504 2900 tandiu
1536 2855 1770 2899 retentus
1795 2848 1972 2904 fuerit,
2002 2847 2127 2900 dum

296 2921 644 2983 Agamemnon
688 2918 845 2970 filiam
890 2916 1201 2981 Iphigeniam
1248 2916 1412 2966 Dianae
1455 2915 1726 2966 immolare
1768 2915 2126 2966 constitueret.

296 2987 505 3039 Cervam
530 2991 703 3036 tamen
722 2986 837 3049 ejus
858 2983 1098 3034 inlocum
1129 2982 1281 3032 niana
1301 2981 1592 3040 substituit,
1621 2995 1842 3044 eamque
1871 2981 1923 3029 in
1947 2979 2130 3030 Tauri·

296 3065 408 3104 eam
428 3052 801 3103 Chersonesum
821 3051 1111 3114 deportavit
1144 3049 1376 3109 (Metam,
1412 3048 1504 3098 lib.
1541 3049 1600 3098 12
1621 3055 1674 3098 et
1699 3048 1810 3110 15).
1837 3047 1990 3096 Diana
2019 3046 2130 3108 pla·

296 3127 437 3184 cata,
490 3119 645 3170 solvit
681 3118 970 3168 Graecorum
1022 3115 1226 3177 classiS‚
1275 3115 1414 3164 mille
1465 3113 1805 3168 ducentarum
1855 3113 2133 3174 nonaginta

295 3186 529 3244 natium,
554 3185 655 3236 sub
672 3184 893 3235 ducibus
918 3181 1147 3246 quinque
1165 3187 1219 3230 et
1241 3180 1512 3244 nonaginta
1528 3219 1540 3237 ,
1568 3186 1621 3230 et.
1649 3179 1713 3228 ad
1731 3177 1932 3240 Troiam
1962 3183 2132 3228 castra

295 3255 485 3317 posuit.
527 3253 828 3303 Diuturnam
859 3249 1001 3300 bello
1028 3261 1226 3298 moram
1263 3247 1436 3298 attulit
1481 3246 1591 3296 Asia
1629 3243 1740 3294 fere
1766 3245 2030 3301 universa,
2063 3242 2133 3292 ad

294 3319 443 3370 urbis
468 3319 621 3369 unius
661 3315 907 3368 auxilium
930 3327 1262 3371 concurrenS,
1295 3319 1408 3362 tum
1431 3311 1660 3360 Hectoris
1681 3309 1955 3367 fortitudo,
1983 3307 2134 3358 deni·

296 3397 403 3448 que
423 3383 677 3435 discordia
698 3383 944 3435 Achillem
961 3382 1099 3433 inter
1121 3385 1176 3432 et
1199 3381 1630 3442 Agamemnonem
1649 3383 1845 3428 coorta.
1874 3375 1966 3425 Hic
1990 3375 2136 3438 puel·

294 3451 401 3502 lam
443 3451 749 3516 quamdam.
770 3449 1031 3503 sacerdoti
1052 3445 1297 3511 Apollinis
1325 3448 1553 3507 ereptam
1572 3481 1585 3501 ,
1615 3455 1775 3507 penes
1799 3455 1857 3492 se
1883 3441 2134 3492 hahebat.
