2317 3850
196 137 309 201 270

802 155 1178 200 EPlSTOLABUM
1217 156 1375 200 Lissa
1411 156 1451 198 1.

342 227 587 301 Dignum
610 229 889 300 praestabo
917 245 1003 286 me
1026 232 1194 288 etiam
1216 244 1318 300 pro
1350 231 1515 288 laude
1537 231 1829 288 merentis.

235 295 309 358 25
344 298 506 367 Quod
535 301 585 356 si
615 315 699 357 me
726 302 883 358 noles
908 316 1145 372 usquam
1175 302 1490 369 discedere,
1522 302 1718 358 reddes

342 371 509 427 Forte
538 371 689 427 latus
704 413 719 437 ,
749 373 943 442 nigros
962 378 1204 444 angusta
1228 371 1412 429 fronte
1432 373 1672 442 capillos
1687 415 1704 438 ,

344 439 567 498 Reddes
584 441 749 499 dulce
779 443 934 514 ioqui
951 485 967 510 ,
997 445 1199 500 reddes
1227 444 1408 500 ridere
1435 443 1719 500 decorum.

416 511 581 570 Forte
604 528 703 584 per
730 519 1023 586 angustam
1051 513 1244 570 tenuis
1271 515 1516 570 nitedula
1549 515 1746 570 rimam

342 581 695 653 Repseratin
719 599 997 640 cumeram
1027 583 1333 651 frumenti,
1364 592 1637 655 pastaque
1666 599 1868 642 rursus

240 651 317 716 30
350 653 441 711 Ire
468 653 619 710 foras
642 655 808 725 pleno
839 655 1101 714 tendebat
1126 669 1361 725 corpore
1388 654 1597 712 frustra
1627 676 1642 712 ι

344 723 450 781 Cui
480 727 717 782 mustela
747 727 940 796 procui
968 743 985 782 ε
1022 749 1043 773 ι
1076 725 1137 780 Si
1166 726 1285 792 viS,
1313 726 1424 792 ait,
1455 726 1696 796 effugere
1721 725 1937 783 isthinc
1957 769 1983 794 ,

342 793 530 852 Macra
552 809 743 852 cavum
773 803 994 866 repetes
1017 799 1234 853 arctum
1254 837 1271 863 ,
1291 809 1454 866 quem
1479 810 1662 853 macra
1687 797 1920 866 subisti.
1944 821 1976 848 s

345 865 462 921 Hac
490 880 592 937 ego
622 867 672 923 si
700 868 1004 938 compellor
1027 867 1301 938 imagine,
1329 873 1530 924 cuncta
1561 867 1816 938 resign03

342 937 457 992 Nec
482 951 738 994 somnum
770 937 951 1009 plebis
976 937 1145 994 laudo
1171 943 1328 994 satur
1351 939 1626 1005 altilium,
1655 951 1756 996 nec

238 1005 310 1068 35
344 1005 476 1063 Otia
499 1007 715 1065 divitiis
736 1008 983 1066 Arabum
1012 1009 1300 1065 liberrima
1331 1015 1508 1067 muto.

343 1078 501 1148 Saepe
522 1081 893 1137 verecundum
918 1079 1161 1138 laudasti
1190 1101 1204 1136 ι
1237 1095 1472 1151 rexque,
1505 1085 1772 1153 paterque

344 1148 573 1208 Audisti
602 1165 784 1208 coram
800 1195 818 1220 ,
839 1165 941 1208 nec
962 1152 1130 1208 verbo
1154 1151 1380 1220 parcius
1399 1151 1602 1208 absens
1627 1169 1646 1210 ε

345 1219 602 1293 Inspice,
634 1224 683 1280 si
714 1237 945 1292 possum
972 1222 1180 1280 donata
1202 1235 1468 1291 reponere
1496 1223 1682 1280 laetus.

346 1289 511 1350 Haud
540 1293 682 1350 male
706 1293 1099 1358 TelemachuS,
1128 1293 1317 1362 proles
1345 1294 1611 1363 patientis
1627 1292 1850 1364 Ulyssei
1877 1313 1894 1351 z

236 1359 312 1423 40
352 1383 375 1409 ⁸
408 1363 533 1420 Non
559 1371 645 1422 est
666 1371 833 1436 aptus
851 1365 1013 1435 equis
1037 1363 1239 1420 Ithacae
1263 1363 1450 1430 locuS‚
1484 1368 1550 1420 ut
1573 1377 1752 1434 neque
1781 1363 1980 1435 planis

343 1433 645 1494 Porrectus
664 1436 865 1507 spatiis
881 1478 896 1502 ,
920 1448 1021 1490 nec
1040 1435 1231 1491 muitae
1255 1435 1524 1506 prodigus
1541 1436 1726 1492 herbae
1751 1451 1768 1491 ε

342 1505 570 1572 Atride,
598 1507 778 1577 magis
801 1513 931 1577 apta
958 1505 1061 1561 tibi
1090 1511 1190 1562 tua
1216 1505 1364 1561 dona
1390 1506 1724 1574 relinquam.
1759 1529 1782 1555 ι

342 1575 578 1633 Parvum
601 1592 767 1648 parva
791 1577 1011 1634 decent.
1032 1576 1175 1632 Mihi
1199 1575 1313 1644 jam
1344 1589 1454 1632 non
1480 1577 1632 1644 regia
1653 1577 1863 1643 Roma,

344 1647 455 1704 Sed
484 1663 715 1705 vacuum
741 1648 922 1704 Tibur
942 1648 1152 1718 placet,
1179 1651 1278 1701 aut
1299 1645 1522 1702 imbelle
1545 1647 1868 1704 Tarentum.

232 1714 307 1776 45
412 1719 691 1776 Strenuus
721 1725 779 1774 et
799 1719 964 1777 sortis
984 1760 1001 1786 ,
1024 1715 1328 1784 causisque
1355 1716 1652 1788 Philippus
1673 1719 1912 1790 agendis

197 1848 267 1884 tur
290 1846 332 1884 ln
348 1855 465 1885 scena
482 1856 558 1894 pro
574 1855 666 1885 vera
694 1846 887 1893 pecunia,
912 1847 955 1884 et
983 1852 1087 1891 sere,

196 1907 271 1939 seu
288 1908 403 1939 auro.

252 1956 322 1992 ab.
348 1950 431 1991 Pro
457 1950 609 2001 laude,
638 1956 721 1991 etc.
757 1954 826 1991 ssst
850 1952 985 1989 tmesis
1018 1960 1091 1989 seu

195 2004 339 2045 divisio
359 2007 466 2045 vocis
491 2007 609 2046 unlus
625 2007 667 2045 in
683 2007 784 2044 duas
810 2017 821 2041 ε
850 2002 977 2043 laude
992 2012 1091 2051 pro-

192 2058 412 2098 merentis.
442 2060 601 2098 Faciam
629 2062 677 2097 ut
705 2069 730 2099 a
756 2062 795 2097 te
825 2058 966 2096 lauder
998 2062 1088 2095 tun·

196 2120 321 2159 quam
342 2116 411 2151 tua
430 2114 622 2151 beneficia
640 2121 882 2159 promerens.

251 2170 321 2207 sii.
346 2165 587 2206 Discedere.
612 2167 770 2205 seilicet
787 2175 811 2204 a
828 2169 884 2204 te.

250 2222 317 2259 sti.
346 2220 551 2269 Anyusta.
572 2220 686 2268 Quod
706 2221 837 2266 capilli
854 2219 957 2257 adeo
972 2218 1091 2267 spissi

193 2276 314 2312 erant
320 2300 334 2322 ,
353 2277 400 2310 nt
417 2274 527 2311 frons
544 2277 710 2317 angusta
731 2273 945 2311 videretur.

253 2330 319 2365 27.
336 2323 512 2364 Reddes.
530 2327 707 2365 Reddere
724 2326 821 2364 mihi
840 2326 1004 2363 deberes
1019 2332 1089 2363 an·

196 2386 272 2417 nos
286 2380 495 2426 juveniles.
512 2397 569 2407 —
593 2376 765 2424 Ridere,
798 2380 878 2416 etc.
908 2379 1021 2416 Risus
1048 2380 1090 2416 ot

192 2432 312 2478 ,ίοοοε
326 2432 509 2469 decentes
523 2444 535 2467 ι
556 2434 662 2469 oetsti
680 2433 968 2470 convenientes.

252 2488 320 2523 28.
346 2481 562 2523 Nitedula.
581 2488 665 2524 mus
683 2485 863 2531 agrestis.

250 2542 320 2576 ss.
360 2536 603 2577 Cumarum.
651 2540 731 2578 vas
774 2538 1001 2577 vimineum.
1033 2554 1089 2567 -

195 2585 345 2631 Paua.
362 2594 575 2630 nummio
592 2594 784 2630 minuta.

254 2647 321 2683 80.
350 2641 493 2683 Foras.
522 2648 553 2685 Ε
568 2654 659 2684 vase
678 2647 799 2682 exire.
820 2662 873 2673 —
892 2640 1085 2679 Frustra.

197 2697 300 2743 Quia
330 2705 378 2734 os
407 2707 577 2736 eumerus
617 2700 827 2742 angustum
856 2698 968 2739 erat,
999 2695 1087 2737 ipsa

197 2752 338 2789 satura
353 2753 393 2787 et
409 2751 595 2789 distenta.
788 2764 793 2768 ·

254 2806 321 2843 81.
361 2802 559 2842 Mustela.
589 2799 742 2839 Animal
779 2795 882 2835 muri
920 2793 1082 2838 similo;

196 2863 281 2893 ame
302 2854 466 2893 helene.

254 2911 321 2947 88.
358 2907 524 2945 Macro.
575 2903 801 2945 macilenta,
840 2898 993 2945 jejuna.
1028 2912 1084 2925 --

194 2956 373 2999 Canum.
402 2964 549 2998 Locum
574 2956 801 2999 angustum,
836 2950 1085 2989 cavernulam

199 3017 310 3053 snam
325 3041 338 3061 ,
356 3013 461 3051 unde
480 3012 520 3046 iu
536 3013 735 3045 cumeram
752 3003 1003 3049 prompsisti.

214 3104 219 3107 ,
254 3070 320 3105 88.
348 3064 439 3103 Hae
460 3070 535 3109 eqo
550 3088 560 3105 ,
575 3063 654 3098 etc.
674 3058 715 3095 si
736 3065 811 3101 ego
826 3084 837 3100 ,
852 3057 929 3095 boc
975 3064 1085 3095 xem-

195 3118 267 3166 plo
294 3119 534 3159 admoneor,
560 3112 595 3150 si
632 3110 673 3147 in
703 3113 839 3156 tuam,
869 3113 939 3149 na
988 3119 1083 3159 nas,

196 3171 412 3211 amicitiam
443 3164 703 3211 adrepserim,
736 3167 781 3201 ut
804 3164 1031 3201 muneribus
1060 3172 1087 3204 a

198 3229 239 3263 re
266 3219 504 3266 accipiendis
533 3218 700 3262 (tuerer,
734 3221 879 3255 cuwta
893 3216 1081 3266 resigno,

196 3275 341 3317 reddo.

254 3330 322 3365 sb.
346 3322 433 3363 Neo
464 3331 657 3361 somnum
673 3350 683 3369 ,
718 3325 801 3361 ete.
826 3325 913 3361 Nou
933 3330 1085 3369 paupe-

196 3388 287 3419 rum
317 3376 489 3419 nugales
520 3377 631 3413 cibos
664 3379 708 3413 et
730 3384 943 3421 sequacem
974 3384 1085 3413 som·

196 3440 291 3471 num
309 3430 444 3474 laudo,
464 3433 677 3475 postquam
699 3429 902 3473 exquisitis
918 3428 1087 3474 dapibus

194 3486 397 3524 saturatus
428 3491 539 3530 sum,
564 3482 679 3521 aliter
708 3482 911 3529 dicturus,
942 3481 978 3518 si
1002 3481 1087 3527 ipsa

1142 1842 1301 1879 sobrius
1318 1842 1402 1881 fleri
1423 1852 1602 1889 cogerer.
1623 1861 1680 1873 —
1705 1840 1918 1884 Attils‘uas.
1939 1843 2050 1883 Alei·

1142 1895 1198 1934 lla
1215 1897 1308 1934 sunt
1323 1905 1374 1935 ea
1395 1905 1486 1943 quai
1515 1897 1624 1936 domi
1649 1899 1894 1944 saginantur,
1914 1901 1960 1935 et
1977 1898 2048 1937 di-

1142 1948 1329 1993 ligentius
1346 1951 1519 1997 aluntur,
1538 1953 1667 1998 pisces
1680 1980 1692 1997 ,
1710 1959 1824 1997 ares,
1842 1951 1956 1990 tero.

1196 2005 1266 2040 ss.
1301 2001 1606 2043 Verecundum.
1636 2003 1858 2044 modestum
1885 2004 1928 2044 in
1962 2013 2048 2051 pe·

1142 2056 1286 2102 tendo,
1307 2059 1444 2102 paucis
1463 2060 1708 2097 contentum.

1197 2112 1264 2147 ³7.
1293 2108 1476 2150 Audisti.
1493 2114 1528 2151 Α
1543 2121 1608 2149 ms
1629 2110 1854 2159 appellatus
1873 2118 1936 2159 ss,
1968 2120 2050 2151 rex

1139 2165 1306 2209 propter
1334 2164 1612 2204 liberalitatem
1642 2168 1683 2203 et
1703 2164 2009 2203 munificentiam
2023 2179 2044 2211 5

1141 2218 1272 2264 pater,
1308 2222 1473 2265 propter
1503 2218 1830 2257 benevolentiam.
1869 2234 1924 2247 -
1955 2214 2036 2256 Co·

1140 2278 1254 2308 ram.
1284 2272 1473 2310 Praesens.
1497 2290 1544 2299 -
1564 2268 1650 2309 Nec
1679 2268 1824 2319 υονὸο,
1845 2274 1928 2311 eto.
1950 2272 2038 2309 non

1141 2322 1302 2369 parcius
1337 2324 1387 2361 de
1423 2328 1462 2363 te
1495 2325 1616 2363 verba
1646 2323 1722 2363 teci
1755 2325 1925 2370 absens,
1955 2331 2046 2361 nom

1140 2376 1265 2413 alium
1283 2379 1321 2414 te
1336 2377 1539 2416 absentem
1554 2376 1748 2423 appellavi
1758 2403 1772 2425 ,
1792 2383 1913 2423 quam
1927 2384 2038 2423 prn-

1138 2432 1309 2467 sentem.

1197 2485 1262 2520 99.
1294 2478 1582 2519 Telemachus.
1610 2480 1733 2518 Filius
1753 2480 1831 2520 tuit
1855 2479 2002 2527 myssis
2019 2490 2041 2514 .—

1139 2534 1295 2571 adierut
1331 2534 1549 2571 Menelaum
1591 2533 1808 2572 resciturus
1855 2533 1952 2578 quid
1984 2532 2051 2571 do·

1138 2588 1252 2629 patre
1283 2594 1356 2622 suo
1383 2584 1532 2620 iactum
1565 2585 1696 2627 esset,
1732 2585 1802 2625 qui
1836 2584 2004 2623 domum
2021 2612 2042 2633 ,

1135 2636 1259 2677 longo
1291 2636 1386 2681 post
1431 2636 1692 2677 expugnatam
1736 2634 1895 2677 nolam
1936 2638 2052 2675 tem..

1138 2694 1260 2730 pore,
1284 2694 1364 2720 non
1385 2684 1538 2721 redibat
1561 2694 1573 2719 ε
1609 2684 1645 2720 ei
1667 2683 1866 2721 menelaus
1886 2689 2050 2729 praeter·

1134 2739 1267 2772 cetera
1299 2744 1483 2781 munera,
1503 2744 1631 2780 equos
1661 2736 1769 2773 dono
1794 2736 1947 2775 dabat:
1967 2748 2037 2778 re—

1135 2788 1288 2825 cusavtt
1317 2784 1570 2826 telemachus
1591 2798 1714 2834 quum
1732 2790 1904 2837 diceret,
1923 2792 2044 2831 liba·—

1135 2848 1224 2877 cam
1255 2842 1368 2888 equis
1399 2842 1552 2880 alendis
1583 2851 1663 2880 non
1697 2852 1784 2882 esse
1826 2844 2035 2886 idoneam.

1136 2894 1202 2931 sic
1233 2897 1420 2933 Horatius
1463 2895 1684 2943 benefieiis,
1720 2900 1764 2935 at
1792 2896 2048 2939 iiberalitate

1135 2950 1358 2987 liaeeenatis
1377 2958 1513 2987 carere
1532 2953 1684 2997 potest,
1711 2959 1787 2996 pro
1806 2960 1879 2990 sua
1906 2954 2040 2991 tenui·

1136 3004 1244 3046 tate;
1273 3006 1318 3041 at
1343 3004 1530 3041 ubertate
1558 3012 1693 3041 carere
1721 3012 1820 3047 non,
1839 3004 1926 3043 vult
1959 3014 2044 3045 nee

1138 3058 1287 3101 potest.

1192 3111 1260 3147 ts.
1286 3107 1456 3148 Atride.
1472 3106 1645 3147 menelae
1661 3135 1671 3153 ,
1689 3108 1745 3145 nli
1763 3109 1887 3149 Atrei.

1194 3164 1262 3199 ιι,
1290 3159 1495 3201 Vacunae.
1521 3162 1814 3208 'tranquillum
1845 3163 2034 3210 minime,

1138 3218 1187 3251 nt
1212 3219 1360 3259 Roma.
1391 3214 1632 3261 populosum
1657 3223 1706 3252 ae
1725 3216 2034 3255 tumultuosum.

1136 3266 1380 3307 -lmbelim
1405 3270 1612 3314 Otiosum,
1637 3269 1772 3307 molle.
1793 3286 1850 3298 —-
1869 3266 2034 3307 rare·-

1140 3325 1246 3359 eum.
1281 3324 1382 3359 Urbs
1411 3322 1560 3367 ltaiiae,
1597 3321 1686 3359 otio
1715 3325 1758 3359 st
1787 3322 1940 3360 deliciis
1967 3321 2032 3360 at·

1139 3375 1294 3420 nuens,
1329 3376 1370 3412 in
1397 3377 1486 3413 sinu
1515 3376 1766 3421 cognomini,
1803 3382 1828 3413 e
1871 3374 2042 3420 regions·

1136 3427 1351 3466 Brundisii.

1193 3481 1262 3518 ss.
1287 3478 1530 3533 Philippus.
1547 3484 1693 3525 orator
1707 3479 1873 3527 nobilis,
1889 3479 2038 3518 crasso
