2317 3850
2297 0 2310 43 ἲ

2019 98 2240 214 35⁸1oe
2289 58 2310 95 ⁶

1275 26 1302 53 d

862 174 928 216 ΕΤ
965 170 1230 216 HEROlBUS
1265 170 1522 215 romeis.

270 249 502 309 morbis;
525 253 584 299 ut
604 244 829 305 Invidiae,
850 245 1057 304 Fraudi,
1078 246 1371 304 Calumniae,
1397 246 1690 303 Discordiae‚
1713 243 1914 304 Furori,
1939 245 2112 305 rebri,

270 316 485 372 Pavori,
507 314 825 377 paupertati,
850 312 1179 371 Necessitati,
1201 314 1532 376 Tempestati.
1557 314 1688 363 illud
1717 313 1870 376 paulo
1891 312 2111 370 rectius,

267 383 417 447 quod
444 382 662 432 eosdem
703 379 925 431 bonores
950 380 1245 430 tribuerent
1263 380 1542 429 virtutibus
1566 380 1730 435 Fidei,
1753 380 1776 427 J
1785 378 1975 428 ustitiae
2005 378 2116 429 sive

264 452 513 505 Astraeze,
544 446 747 503 Pietati,
783 444 1069 501 Pudicitiae,
1102 444 1428 503 Concordiae,
1450 446 1685 502 veritati,
1716 445 1908 500 Saluti,
1937 442 2114 495 Liber-

264 516 399 573 tati,
433 513 591 563 Paci:
620 512 831 563 demum
868 512 1111 568 Silentio,
1152 510 1302 573 cujus
1336 524 1527 573 praeses
1555 513 1688 576 apud
1717 509 1976 573 AEgyptios
2003 514 2117 561 erat

263 582 623 644 Harpocrates
642 617 655 636 ‚
692 578 828 641 apud
858 578 1061 628 Graecos
1078 615 1091 634 ,
1122 576 1382 639 Sigalion:
1409 584 1634 641 uterque
1661 576 1968 640 pingebatur
1993 588 2113 627 cum

261 648 437 709 digito
475 644 643 695 indice
669 644 827 695 labris
846 641 1072 700 admoto,
1098 642 1246 706 quasi
1269 642 1531 693 silentium
1546 643 1796 694 indicens.
1815 641 2114 706 Harpocrati

260 726 422 764 sacra
444 716 562 762 erat
583 710 740 759 arbor
757 722 939 775 persea
955 748 967 767 ,
992 708 1133 772 quod
1163 709 1277 771 eJus
1303 708 1443 766 folia,
1466 710 1680 772 linguae,
1710 708 1908 759 fructus
1939 714 2114 759 autem

262 778 451 830 cordis
494 776 719 840 speciem
749 789 857 839 prae
892 788 949 826 se
990 775 1171 825 serant.
1205 774 1280 825 Ab
1305 774 1490 824 iisdem
1519 776 1763 839 AEgyptiis
1797 775 2076 838 Augei-onia
2095 812 2108 831 ,

262 842 469 895 silentii
496 842 595 893 dea
614 854 824 905 praeses,
841 842 1149 898 habebatur,
1179 841 1400 905 eiusque
1422 842 1753 893 simulacrum
1773 854 1866 893 ore
1885 840 2116 905 obligato

260 916 327 963 et
342 910 623 972 obsignato
645 908 931 971 prestabat.

1022 1004 1343 1031 ψ-

749 1118 811 1177 ll.
854 1119 925 1175 DE
952 1118 1208 1177 samnitis
1241 1118 1311 1175 ΕΤ
1345 1108 1630 1173 REROEBUS.

755 1264 912 1315 mur
938 1264 1065 1315 xnh
1105 1264 1266 1315 omno
1291 1271 1646 1313 ιυοιοωτωε.

342 1383 510 1441 Quum
534 1384 755 1446 primum
774 1384 1027 1443 homineS,
1052 1384 1256 1448 abrepti
1277 1382 1611 1447 cupiditatum
1631 1386 1778 1438 aestu.
1803 1380 1854 1431 in
1874 1382 2112 1445 graviora

284 1447 465 1511 flagitia
490 1450 716 1513 prolapsi
739 1458 883 1508 sunt,
906 1458 1029 1501 tunc
1048 1450 1259 1513 originis
1278 1462 1387 1500 suae
1407 1455 1460 1499 et
1479 1448 1758 1500 conditoris
1776 1448 1925 1498 obliti
1943 1486 1955 1505 ,
1977 1461 2111 1499 nova

279 1514 377 1563 sibi
415 1516 627 1565 numina
643 1515 977 1575 fabricarunt.
1014 1520 1079 1567 Ac
1100 1517 1268 1581 primo
1293 1516 1501 1579 quidem
1526 1515 1692 1566 solem
1710 1519 1764 1565 et
1790 1514 1963 1565 lunam
1985 1514 2108 1566 ado-

270 1592 461 1633 ravere
482 1620 495 1637 .
518 1582 641 1646 quia
662 1582 784 1632 nihil
813 1582 1086 1634 formosius
1108 1582 1456 1645 objiciebatur
1481 1582 1760 1639 sensibus..
1775 1593 2000 1643 quorum
2022 1581 2108 1642 ju-

268 1644 413 1697 dicio
446 1646 559 1699 fere
590 1649 758 1698 omnia
786 1651 1133 1701 metiebantur
1165 1668 1179 1701 t
1216 1648 1403 1699 deinde
1444 1648 1734 1698 bominibus
1760 1646 1884 1709 ipsis
1911 1647 2106 1698 cultum

268 1711 365 1761 uni
388 1713 493 1763 Deo
514 1713 746 1764 debitum
772 1714 1135 1767 adhibuerunt.
1164 1716 1218 1766 ld
1240 1716 1436 1779 primus
1455 1714 1679 1765 omnium
1703 1719 1929 1763 tentasse
1949 1713 2110 1769 Ninus

269 1776 459 1835 fertur,
485 1780 618 1829 circa
637 1779 815 1829 mundi
833 1795 1019 1832 annum
1046 1782 1192 1837 ¹9⁴5.
1217 1782 1336 1844 qui,
1359 1781 1609 1831 collocata
1625 1779 1830 1844 publice
1852 1779 2010 1843 patris
2027 1780 2110 1829 sui

271 1844 383 1893 Beli
417 1849 584 1894 statua
605 1884 618 1901 .
650 1846 808 1907 jussit
842 1847 903 1897 ad
944 1860 1057 1897 eam
1098 1860 1284 1912 preces
1321 1853 1376 1897 et
1400 1854 1518 1897 vota
1557 1845 1774 1909 concipi.
1806 1846 2108 1908 Exemplum

267 1915 471 1960 secutae
494 1916 673 1973 gentes
698 1912 897 1972 vicinae,
922 1913 1117 1964 divinos
1136 1914 1360 1965 bonores
1388 1913 1495 1964 suis
1524 1912 1865 1977 principibus,
1897 1918 1986 1964 aut
2015 1912 2108 1962 he·

269 1977 457 2026 roibus
484 1978 547 2027 de
574 1991 766 2040 genere
791 1981 1011 2031 humano
1046 1981 1182 2032 bene
1212 1979 1434 2038 meritiS,
1463 1980 1826 2031 decreverunt.
1863 1979 1945 2028 Sic
1973 1981 2112 2030 inter

270 2055 498 2106 superos
532 2045 680 2094 relati
706 2047 953 2096 Saturnus
970 2085 983 2104 ,
1011 2047 1229 2109 Jupiter.
1255 2048 1550 2110 Neptunus,
1582 2046 1858 2102 Hercules,
1884 2045 2103 2107 aliique,

272 2113 335 2159 et
356 2121 452 2172 pro
476 2110 771 2160 numinibus
798 2111 983 2161 deinde
1006 2112 1166 2162 habiti
1183 2119 1305 2163 sunt
1320 2151 1332 2170 ,
1357 2112 1614 2162 communi
1631 2112 1862 2174 gentium
1881 2112 2106 2161 omnium

275 2173 541 2238 suffragio,
563 2176 820 2240 praecipue
840 2178 1151 2236 Graecorum,
1171 2179 1260 2240 qui
1275 2178 1464 2241 ceteris
1477 2177 1767 2227 eruditione
1783 2191 1842 2227 ac
1857 2178 2107 2240 sapientia

280 2247 525 2303 praestare
546 2240 912 2293 credebantur.

348 2304 586 2358 Ordinem
603 2307 926 2358 nibilominus
944 2307 1170 2370 aliquem
1193 2305 1488 2356 statuebant
1512 2305 1648 2355 inter
1671 2304 1816 2354 deos,
1851 2307 2107 2364 Quosdam

271 2372 416 2422 enim
434 2374 719 2424 censebant
736 2375 873 2424 omni
904 2373 1212 2437 exceptione
1238 2373 1487 2434 majoreS‚
1511 2376 1572 2420 ut
1590 2371 1768 2419 Jovem
1783 2407 1795 2425 ,
1825 2370 2074 2422 lunonem
2089 2413 2103 2434 ‚

270 2438 601 2501 Neptunum,
626 2445 751 2498 etc..
779 2441 1029 2504 quosdam
1058 2439 1312 2495 minores,
1339 2442 1400 2488 ut
1423 2437 1559 2486 Pana
1577 2474 1590 2493 ,
1622 2436 1839 2493 Faunos,
1872 2437 2103 2498 SatyroS,

270 2505 523 2569 nymphas
541 2543 553 2562 ,
586 2513 688 2556 etc.
726 2507 1008 2557 Nonnullos
1034 2505 1327 2556 dimidiatos
1351 2503 1498 2567 quasi
1525 2503 1678 2559 deoS,
1705 2501 1814 2552 sive
1849 2502 2108 2555 semideos

269 2571 606 2633 appellabant
620 2610 635 2628 ,
660 2571 753 2635 qui
770 2581 1058 2624 maternum
1081 2572 1328 2622 duntaxat
1343 2609 1356 2628 ‚
1383 2576 1716 2634 paternumve
1739 2580 1902 2632 genus
1922 2569 1988 2619 ab
2012 2570 2106 2620 ali·

272 2649 385 2698 quo
404 2636 505 2686 deo
520 2637 799 2697 ducerent,
820 2645 880 2689 ut
896 2638 1258 2702 AEsculapium,
1274 2638 1556 2694 Pollucem,
1573 2643 1628 2687 et
1645 2635 1856 2686 similes,
1877 2635 2108 2699 Denique

275 2702 523 2752 heroibus
553 2704 622 2753 ob
645 2717 733 2754 res
752 2707 997 2767 praeclare
1022 2711 1219 2769 gestas,
1243 2710 1296 2755 et
1317 2717 1498 2768 magna
1525 2701 1771 2766 quaedam·
1791 2703 1843 2752 in
1863 2705 2110 2754 mortales

276 2768 464 2818 collata
488 2769 767 2829 beneficia,
787 2772 979 2823 coelum
1006 2784 1065 2822 ac
1092 2771 1406 2822 divinitatem
1435 2770 1780 2820 indulserunt.
1803 2769 1875 2819 De
1903 2768 2108 2821 duobus

275 2834 454 2896 primis
474 2835 693 2887 deorum
719 2839 998 2898 generibus
1027 2838 1221 2888 dictum
1249 2843 1332 2888 est
1355 2843 1502 2902 parte
1529 2835 1720 2900 prima,
1761 2847 1899 2886 nunc
1927 2835 1994 2888 de
2021 2849 2105 2888 se-

270 2899 460 2952 mideis
488 2907 545 2952 et
570 2902 817 2954 heroibus
846 2903 1224 2955 disserendum.

706 3029 862 3080 Carui-
888 3027 1008 3078 xlv.
1047 3030 1265 3079 Perseus
1281 3068 1294 3088 ‚
1327 3028 1698 3084 Brut-:nomon

337 3136 595 3202 Acrisius,
633 3145 931 3208 Argivorum
965 3157 1085 3202 rex,
1120 3157 1284 3208 quum
1315 3146 1527 3196 oraculo
1553 3144 1818 3195 didicisset
1842 3142 2070 3195 futurum
2089 3182 2104 3204 .

268 3206 332 3251 ut
356 3207 559 3281 periret
590 3223 620 3260 a
648 3224 811 3274 puero
872 3225 1030 3275 quem
1058 3212 1230 3262 Danae
1257 3211 1362 3262 filia
1397 3225 1492 3262 sua
1528 3216 1765 3275 pareret,
1806 3210 1938 3260 hane
1973 3223 2108 3262 aerea

268 3273 405 3318 turri
432 3271 667 3335 inclusit,
697 3277 942 3341 appositis
967 3277 1271 3329 custodibus
1287 3317 1299 3332 ,
1333 3291 1396 3327 ne
1425 3277 1542 3342 quis
1575 3277 1639 3326 ad
1665 3276 1810 3326 illam
1835 3278 1915 3328 vir
1939 3277 2108 3341 adspi-

268 3343 434 3386 raret.
458 3339 531 3388 Eo
558 3347 730 3393 tamen
758 3345 1043 3407 penetravit
1066 3343 1268 3406 Jupiter
1293 3343 1346 3392 in
1365 3343 1586 3393 imbrem
1611 3355 1827 3393 aureum
1850 3349 2104 3402 mutatuS,

266 3399 373 3450 hoc
398 3410 507 3462 est.
538 3421 669 3459 auro
706 3413 969 3474 corruptis
1006 3410 1194 3473 puellae
1225 3409 1546 3460 custodibus.
1585 3409 1822 3459 Genitum
1863 3411 1936 3459 sic
1971 3411 2110 3459 furto

272 3466 529 3526 Perseum
548 3476 839 3528 Acrisiusin
860 3489 1034 3528 arcam
1060 3476 1275 3534 abdidit.
1293 3477 1416 3526 etin
1437 3475 1636 3525 medios
1657 3475 1845 3524 fluctus
1864 3475 2094 3538 projecit·
