2317 3850
406 221 411 225 ,
600 115 1173 253 ΑΡΡΕΝΒΙΧ
1237 115 1381 203 DE
1453 114 1683 203 nus

418 322 561 401 ET
634 322 1200 403 Ennomus
1279 282 1834 423 PoETmIS.
1897 292 1922 305 ’

390 694 434 751 ἰ.
470 694 541 749 DE
574 691 879 751 nunninus
912 692 981 750 ΕΤ
1016 690 1318 751 mittimus
1351 690 1708 753 munientium
1742 691 1867 753 mls.

876 838 1034 890 Canu-r
1053 839 1095 889 Ι.
1133 838 1406 891 Summus-

288 974 512 1025 Deorum
536 972 925 1037 antiquissimus
948 972 1239 1025 habebatur
1271 974 1487 1026 coelum.
1519 976 1627 1026 Duo
1653 976 1766 1039 eJus
1793 974 1885 1025 filii
1916 976 2054 1026 cele-

222 1038 440 1091 brantur
469 1054 498 1089 a
525 1041 717 1103 poetiS‚
751 1039 1007 1103 TempuS,
1046 1040 1155 1091 sive
1187 1042 1436 1092 Saturnus
1464 1048 1518 1092 et
1545 1042 1768 1093 Titanus.
1799 1044 1919 1099 Hic,
1954 1042 2056 1091 etsi

226 1108 394 1167 priore
426 1108 543 1157 loco
564 1106 769 1171 genitus
793 1106 953 1164 foret,
986 1105 1143 1167 eique
1175 1108 1391 1169 proinde
1420 1108 1694 1172 imperium
1723 1109 1865 1160 orbis
1893 1108 2053 1159 debe·

230 1178 379 1233 retur,
398 1174 493 1235 ius
519 1178 693 1223 tamen
720 1186 871 1223 suum
899 1174 1123 1231 remisit,
1160 1174 1522 1237 concessitque
1555 1176 1801 1233 Saturno,
1835 1180 2052 1237 rogante

230 1238 363 1289 Vesta
394 1245 565 1289 matre
580 1278 593 1297 ‚
618 1238 713 1290 sed
736 1253 797 1290 ea
824 1248 995 1289 tamen
1017 1240 1135 1301 lege
1150 1278 1164 1297 ,
1187 1245 1246 1289 ut
1271 1240 1520 1289 Saturnus
1545 1242 1826 1290 masculam
1854 1242 2054 1303 prolem

230 1304 472 1357 educaret
490 1306 701 1356 nullam.
723 1306 810 1355 His
828 1306 899 1354 ita
920 1304 1225 1363 constitutis,
1244 1306 1492 1355 Saturnus
1511 1318 1680 1355 mares
1699 1307 1868 1355 statim
1888 1306 2054 1357 editos

234 1368 529 1430 devorabat,
565 1372 725 1423 invita
756 1372 1093 1423 vehementer
1115 1383 1280 1421 uxore
1300 1410 1313 1428 ,
1345 1385 1460 1434 quae
1486 1386 1589 1423 uno
1617 1378 1766 1435 partu
1791 1373 1970 1422 Jovem
2000 1376 2055 1423 et

233 1434 475 1489 sunonem
500 1438 677 1495 enixa,
700 1438 859 1489 solam
882 1438 1136 1487 lunonem
1160 1437 1387 1488 ostendit
1409 1439 1644 1496 saturnu,
1675 1440 1854 1489 Jovem
1879 1438 2053 1489 occul-

234 1504 356 1555 tavit.
379 1504 559 1555 Sensit
585 1504 762 1555 dolum
784 1505 1017 1561 TitanuS,
1048 1516 1107 1555 ac
1126 1504 1402 1556 Saturnum
1433 1504 1540 1554 acie
1571 1505 1758 1555 victum
1777 1506 1829 1556 in
1849 1504 2054 1555 vincula

230 1572 463 1634 conjecit.
497 1573 544 1621 ls
565 1571 813 1621 liberatus
839 1576 1019 1635 postea
1039 1570 1134 1621 fuit
1155 1584 1252 1634 per
1283 1571 1462 1621 Jovem
1487 1570 1646 1621 filium
1673 1585 1823 1622 suum
1843 1611 1856 1630 ‚
1889 1585 1918 1623 a
1949 1584 2052 1633 quo

226 1633 425 1688 Titanes
444 1675 457 1695 ,
491 1638 690 1687 bellum
725 1652 817 1701 pro
850 1638 1027 1688 Titano
1057 1644 1204 1701 patre
1233 1638 1666 1700 redintegrantes‚
1700 1638 1847 1690 fuere
1874 1638 2050 1701 profli-

219 1703 339 1763 gati.
367 1704 622 1754 Saturnus
652 1704 867 1754 vinculis
887 1704 1139 1755 vliberatus
1156 1742 1168 1763 ,
1191 1718 1352 1767 quum
1375 1704 1428 1753 in
1457 1704 1568 1754 ratis
1587 1717 1703 1755 esse
1725 1706 2055 1768 cognovisset

222 1766 454 1822 futurum
472 1808 485 1827 ,
511 1776 569 1820 ut
598 1770 666 1821 ab
692 1771 877 1821 eodem
909 1772 1034 1821 Jove
1059 1784 1222 1834 reguo
1249 1770 1576 1833 spoliaretur,
1615 1770 1690 1821 illi
1715 1774 1904 1821 struxit
1929 1770 2050 1819 insi-

218 1832 353 1893 dias,
377 1850 442 1887 ac
470 1837 669 1888 bellum
694 1838 849 1888 etiam
869 1837 1068 1887 indixit.
1093 1836 1261 1901 (Ovid.
1279 1838 1494 1892 Metam..
1521 1838 1612 1887 lib.
1640 1837 1708 1900 l.)
1732 1838 1933 1902 Jupiter
1956 1836 2048 1887 de-

220 1900 473 1954 bellatum
502 1910 703 1968 patrem
726 1903 857 1956 coelo
884 1904 1101 1968 expulit.
1139 1906 1415 1961 Saturnus,
1451 1904 1639 1955 amisso
1670 1905 1830 1963 coelo,
1857 1906 1907 1956 in
1938 1916 2052 1956 eam

220 1967 383 2021 ltaliae
418 1978 644 2035 partem,
684 1972 775 2022 ubi
810 1971 961 2021 Roma
996 1971 1200 2022 condita
1229 1971 1554 2034 postmodum
1587 1977 1698 2029 est,
1732 1973 1901 2030 venit,
1935 1983 2052 2034 quae

216 2035 423 2086 Latium
446 2037 542 2087 fuit
564 2037 842 2100 appellata,
866 2037 1007 2100 quod
1030 2037 1103 2088 ibi
1123 2039 1374 2088 latuisset.
1397 2039 1664 2088 Extorrem
1693 2038 1850 2088 deum
1872 2039 2050 2096 JanuS‚

217 2101 347 2152 Latii
386 2116 503 2161 rex,
544 2103 768 2166 henigne
804 2105 1027 2166 accepit,
1064 2089 1380 2154 ac'vicissim
1415 2117 1443 2154 a
1477 2105 1695 2154 Saturno
1721 2105 1942 2156 donatus
1972 2109 2054 2156 est

218 2165 413 2230 insigni
437 2169 729 2232 prudentia,
769 2170 919 2232 cujus
946 2182 1043 2231 ope
1082 2172 1387 2220 meminerat
1411 2171 1696 2230 praeterita,
1727 2170 1898 2222 futura
1924 2185 2050 2234 pro-

221 2232 485 2294 spiciebat
512 2251 525 2282 :
558 2237 695 2287 unde
720 2237 899 2298 biceps
916 2272 929 2291 ,
964 2246 1058 2284 seu
1080 2233 1276 2286 bifrons
1294 2273 1306 2292 ,
1343 2235 1650 2296 appellatur.
1673 2236 1743 2284 Eo
1772 2243 2048 2298 regnante,

219 2310 406 2349 mores
437 2301 610 2364 optimi
640 2309 883 2365 artesque
906 2301 1205 2362 viguerunt,
1232 2313 1350 2362 quae
1377 2299 1451 2348 iili
1478 2301 1615 2349 aetati
1649 2312 1837 2349 nomen
1878 2314 2050 2355 aureae

213 2362 479 2417 fecerunt.
494 2369 696 2420 Saturni
715 2367 845 2420 festa
858 2367 1164 2418 dicebantur
1186 2365 1488 2421 Saturnalia,
1511 2372 1566 2414 et
1583 2365 1846 2416 decembri
1873 2379 2054 2421 mense

213 2432 489 2484 celebrata
504 2442 627 2485 sunt
643 2449 735 2498 per
748 2435 859 2485 dies
874 2435 1037 2497 primo
1056 2440 1182 2490 treS,
1202 2432 1390 2483 deinde
1406 2436 1646 2492 quatuor,
1669 2437 1777 2480 tum
1797 2431 2048 2494 quinque,

211 2511 277 2548 ac
294 2501 496 2561 plureS.
518 2503 617 2552 Per
631 2513 721 2553 eos
737 2501 851 2552 dies
868 2506 1077 2550 senatus
1097 2513 1198 2550 nou
1218 2499 1526 2556 habebatur,
1548 2498 1798 2551 vacabant
1825 2497 2045 2559 scholae;

206 2578 439 2617 munera
460 2569 601 2618 ultro
632 2569 869 2630 citroque
892 2567 1226 2618 mittebantur
1249 2566 1314 2616 ab
1342 2565 1544 2624 amicis;
1580 2565 1646 2615 de
1664 2565 1900 2614 sontibus
1925 2577 2052 2630 sup·

209 2631 432 2694 plicium
451 2647 663 2686 sumere
676 2673 689 2691 ,
705 2648 766 2684 ac
778 2634 975 2684 bellum
994 2633 1223 2684 indicere
1239 2671 1251 2690 ,
1273 2632 1442 2689 nefas:
1461 2633 1624 2683 servis
1642 2645 1832 2683 mensae
1849 2645 2051 2684 accum-

208 2697 467 2749 bentibus
486 2700 839 2752 ministrabant
860 2699 1079 2756 domini,
1108 2705 1164 2750 et
1181 2712 1448 2752 servorum
1470 2699 1632 2750 vicem
1651 2699 1960 2760 implebant,
1981 2699 2051 2750 ad

206 2763 563 2818 refricandam
585 2766 828 2820 videlicet
846 2766 1145 2818 memoriam
1175 2768 1424 2828 pristinae,
1447 2778 1566 2828 quae
1591 2764 1812 2815 florebat
1827 2767 2048 2817 saturno

206 2837 499 2894 regnante,
520 2833 804 2890 libertatis,
832 2845 995 2896 quum
1017 2845 1169 2884 nemo
1188 2834 1425 2883 serviret.

276 2898 445 2957 sanus
460 2936 473 2956 .
494 2899 561 2950 de
584 2912 694 2962 quo
711 2900 942 2964 proxime
959 2897 1091 2950 facta
1109 2899 1304 2951 mentio
1321 2905 1420 2956 est,
1450 2897 1758 2961 pingebatur
1779 2911 1899 2948 cum
1917 2898 2050 2952 clavi

205 2967 266 3013 et
292 2963 457 3026 virga.
493 2964 697 3028 virgam
732 2966 974 3030 gerebat.
1012 2967 1161 3028 quasi
1194 2967 1388 3016 viarum
1423 2977 1644 3026 praeses;
1676 2965 1858 3014 clavim
1880 3002 1892 3021 ,
1925 2966 2048 3026 quia

205 3027 491 3082 domorum
536 3032 723 3094 ianuas
766 3039 819 3083 et
841 3045 987 3084 seras
1028 3032 1287 3084 invenisse
1313 3030 1652 3089 credebatur;
1682 3031 1749 3080 ab
1775 3043 1839 3080 eo
1864 3031 2048 3090 janua-

204 3095 328 3146 rius
354 3097 547 3148 mensis
572 3098 765 3149 invenit
808 3111 1023 3155 nomem
1058 3109 1161 3151 arae
1193 3097 1470 3148 duodecim
1501 3097 1672 3148 eidem
1701 3095 2044 3157 ponebantur,

202 3173 312 3224 pro
338 3177 559 3216 numero
584 3165 835 3218 mensium
860 3182 873 3224 ς
898 3172 1063 3228 utque
1082 3169 1204 3214 sunt
1225 3164 1342 3214 anni
1361 3169 1694 3227 tempestates
1713 3165 1952 3224 quatuor,
1975 3162 2050 3214 ita

206 3233 443 3290 quatuor
455 3230 555 3293 ipsi
574 3231 771 3283 frontes
788 3231 1065 3294 aliquando
1082 3229 1235 3282 datae.
1258 3232 1314 3280 ln
1337 3231 1574 3280 omnibus
1593 3226 1857 3280 sacrificiis
1877 3229 2050 3292 appel-

202 3292 425 3345 tabatur
453 3297 624 3359 primo
656 3299 791 3356 loco,
828 3298 1021 3362 quippe
1050 3297 1143 3360 qui
1177 3297 1374 3360 primus
1399 3309 1518 3348 aras
1541 3302 1596 3346 et
1623 3307 1890 3346 sacrorum
1915 3296 2050 3345 ritus

203 3357 545 3418 instituisset.
578 3364 701 3425 Ejus
734 3366 985 3428 templum
1014 3365 1182 3416 Romae
1202 3362 1541 3415 claudebatur
1572 3373 1700 3428 pace
1729 3361 2050 3426 composita·;

202 3427 430 3484 patebat
450 3427 701 3494 flagrante
722 3431 884 3485 bello.
1845 3479 1852 3486 .

1853 3515 1885 3552 a
