2317 3850
75 0 98 21 '.‘
144 0 193 2 *W*
391 11 398 13 .
514 8 573 12 —

163 211 342 275 praelio
369 208 436 259 ad
459 207 655 258 Actium
684 208 734 256 in
756 207 872 256 sinu
892 204 1160 255 Ambracio
1180 242 1193 261 ‚
1212 202 1499 264 fugientem
1522 214 1641 252 cum
1661 202 1767 253 suis
1788 202 2011 253 navibus

161 281 490 341 Cleopatram
509 280 723 325 secutus
747 274 992 322 Antonius
1016 272 1284 323 victoriam
1301 269 1483 319 Caesari
1509 268 1712 319 facilem
1730 268 2009 319 concessit.

76 372 78 398 ;
173 347 308 395 Hanc
337 342 605 392 victoriam
637 340 872 391 celebrat
897 344 1067 394 vates,
1103 336 1205 388 ode
1236 336 1518 399 penultima
1540 336 1661 385 libri
1689 335 1905 393 1„wa
1928 336 2015 386 est

76 410 78 413 ’
170 410 465 465 hibendum,
497 411 618 463 etc..
651 412 706 459 et
727 406 758 456 8
786 405 908 455 libri
927 403 1164 471 epodon,
1196 403 1392 461 Quando
1420 406 1701 463 repostum,
1728 405 1828 453 eto.

76 552 78 559 ζ
237 508 378 558 Anno
404 504 550 556 urbis
579 501 798 554 conditae
829 513 1038 551 nccxxvi
1057 538 1070 558 ‚
1100 498 1296 549 Horatii
1322 500 1406 551 37.
1437 497 1699 555 Octavius,
1748 496 2018 549 exstinctis

76 576 79 635 j
173 588 306 626 anno
344 572 442 623 724
487 570 702 620 Antonio
737 574 791 619 et
825 569 1123 629 Cleopatra,
1159 566 1373 616 redacto
1417 565 1469 613 in
1507 564 1741 615 ordinem
1784 562 2013 627 Lepido.

76 656 78 661 ·
175 641 352 693 clauso
373 640 524 695 lano,
555 636 745 701 triplici
773 633 1037 697 triumpho
1070 638 1124 683 et
1151 632 1263 683 aliis
1294 632 1579 683 honoribus
1612 630 1827 682 affectus
1846 668 1858 688 ,
1889 635 2021 681 tem-

179 709 322 772 plum
345 707 444 757 hoc
469 717 604 755 anno
631 702 878 765 Apollini,
905 700 1055 762 cujus
1088 697 1328 762 praesidio
1356 704 1435 749 tot
1461 710 1547 749 res
1577 698 1821 760 praeclare
1843 702 2019 759 gestas

179 776 234 824 in
252 772 427 837 primis
444 770 711 822 tribuebat
724 807 736 827 ,
759 768 812 818 iu
832 767 1025 817 Palatio
1049 764 1333 823 dedicavit:
1356 764 1657 827 addiditque
1684 762 1937 825 insignem
1962 763 2020 815 in

179 840 342 891 vicina
367 838 568 901 porticu
594 834 984 887 bibliothecam.
1018 832 1094 883 De
1125 830 1229 883 hoc
1258 830 1451 895 templo
1484 830 1718 883 meminit
1740 830 1982 881 Horatius
2001 865 2019 887 ‚

181 905 282 958 ode
303 906 367 956 25
395 904 515 955 libri
537 902 716 967 primi,
750 900 873 959 Quid
897 898 1210 956 dedicatum,
1236 902 1338 949 eto.

248 989 392 1037 Anno
437 988 582 1036 iubis
617 987 836 1047 conditae
873 998 1100 1037 nccxxvn
1119 1022 1132 1041 ,
1172 984 1369 1035 Horatii
1423 982 1510 1033 58.
1550 982 1789 1034 Octavius
1830 982 2020 1039 Caesar.

185 1064 348 1115 quum
368 1062 558 1103 nomen
575 1051 788 1111 Augusti
809 1054 840 1099 a
865 1059 1048 1103 senatu
1076 1050 1305 1101 delatum
1330 1048 1642 1112 accepisset.
1670 1048 1811 1100 venit
1831 1050 1885 1099 in
1904 1050 2021 1099 Gal·

187 1120 282 1171 lias
301 1130 420 1169 cum
441 1115 698 1171 exercitu,
721 1119 1032 1169 transiturus
1050 1117 1170 1169 inde
1191 1117 1244 1167 in
1272 1115 1578 1167 Britanniam
1595 1154 1611 1173 ,
1632 1121 1691 1166 ut
1715 1128 1827 1166 eam
1863 1116 2025 1166 armis

190 1184 556 1249 perdomat-et:
591 1181 684 1232 sed
723 1182 970 1239 Britanni.
998 1184 1169 1233 missis
1204 1184 1269 1233 ad
1308 1198 1427 1235 eum
1466 1182 1651 1245 legatis
1677 1182 1736 1231 in
1772 1183 1985 1233 Galliam
2006 1221 2022 1241 ‚

77 1306 79 1309 Α
189 1264 368 1320 pacem
392 1253 687 1301 oraverunt.
707 1247 780 1298 Ad
808 1247 944 1299 hunc
971 1262 1160 1304 annum
1185 1252 1413 1315 pertinet
1428 1248 1528 1300 ode
1548 1248 1633 1307 28,
1656 1247 1749 1301 lib.
1770 1261 1813 1307 1,
1850 1250 1885 1300 0
1906 1250 2027 1300 diva

76 1318 80 1375 l
185 1322 415 1381 aratum,
437 1319 535 1369 eto.

258 1407 398 1456 Anno
425 1404 568 1457 urbis
587 1402 806 1455 conditae
831 1414 1075 1454 mcxxviii
1095 1440 1108 1459 .
1135 1402 1331 1455 Horatii
1368 1404 1454 1455 39.
1481 1404 1741 1467 Augustus
1774 1402 1825 1453 in
1846 1403 2025 1467 Hispa·

190 1472 327 1523 niam
355 1473 520 1529 venit,
551 1470 641 1521 ubi
667 1469 906 1520 Cantabri
948 1474 1004 1519 et
1037 1470 1247 1519 Astures
1285 1470 1628 1521 rebellabant.
1658 1465 1783 1521 Victi
1818 1470 2025 1526 hostes,

193 1540 292 1591 boc
319 1544 372 1589 et
397 1538 635 1602 sequenti
668 1548 827 1591 anno.
868 1541 1013 1586 terra
1045 1534 1281 1596 marique
1308 1553 1319 1585 ε
1357 1536 1452 1587 sed
1476 1538 1737 1599 Augustus
1772 1550 1837 1587 ex
1868 1538 2029 1591 nimio

75 1624 80 1663 ι
193 1605 374 1659 {abore
403 1605 644 1656 morbum
671 1602 953 1659 contraxit,
985 1614 1118 1651 anno
1147 1601 1266 1657 729,
1293 1602 1607 1665 Romamque
1630 1603 1851 1655 subinde
1875 1617 2030 1667 repe-

191 1678 334 1730 tem,
379 1669 578 1722 bellum
611 1670 664 1719 C.
698 1669 911 1720 Antistio
945 1674 998 1719 et
1035 1666 1225 1717 Carisio
1262 1667 1631 1721 absolvendum
1675 1670 1903 1733 reliquit.
1944 1671 2033 1721 His

193 1738 338 1788 annis
353 1738 556 1800 scriptae
574 1741 696 1787 sunt
711 1735 796 1787 od.
821 1735 851 1785 4
865 1774 878 1793 ,
895 1734 986 1787 lib.
1010 1747 1075 1791 11,
1096 1733 1303 1793 Septimi
1320 1732 1502 1789 Gades,
1530 1740 1649 1792 eto„
1672 1743 1727 1788 et
1742 1736 1773 1787 8
1794 1736 2028 1798 ejusdem

193 1803 345 1861 libri,
373 1804 495 1859 Quid
531 1803 797 1853 bellicosus
836 1802 1105 1857 Cantaber,
1148 1803 1247 1851 etc.
1283 1799 1411 1865 item
1444 1800 1506 1849 10
1538 1801 1658 1854 libri
1694 1816 1756 1863 11,
1799 1804 2033 1855 Herculis

195 1870 329 1926 ritu,
351 1872 451 1919 eto.
476 1868 579 1918 Nec
603 1880 703 1918 non
726 1870 754 1918 7
781 1867 1018 1934 ejusdem
1047 1866 1194 1924 libri,
1222 1865 1417 1915 Martiis
1435 1866 1616 1917 ooelebs
1634 1907 1646 1926 ,
1676 1875 1756 1921 eto

75 86 106 239 'k
627 132 793 175 innsx
819 128 1269 173 cunonotocicus
1296 128 1541 171 ovinum.
1902 110 2011 173 34⁶1

265 1961 410 2011 Anno
453 1960 596 2011 urbis
635 1959 854 2011 conditae
897 1973 1117 2016 nccxxx,
1159 1956 1359 2009 Horatii
1408 1956 1492 2006 tr.
1538 1958 1696 2009 AElius
1733 1959 1927 2024 Largus
1969 1961 2036 2012 ab

197 2029 426 2090 Augusto
452 2027 640 2078 missus
660 2028 711 2076 in
730 2027 968 2078 Arabiam
983 2065 996 2084 ,
1021 2025 1309 2076 exercitum
1339 2036 1405 2074 eo
1430 2023 1597 2074 duxit.
1622 2024 1763 2078 Circa
1781 2027 1881 2078 hoc
1905 2034 2035 2080 tem-

196 2105 298 2159 pus
319 2091 418 2138 tuit
439 2093 630 2158 scripta
648 2093 747 2142 ode
768 2093 834 2141 25
858 2093 978 2142 libri
1005 2105 1042 2143 r.
1067 2093 1165 2144 Ioci
1193 2091 1355 2142 beatis
1371 2128 1387 2146 .
1411 2093 1513 2140 eto.

265 2179 408 2230 Anno
447 2176 594 2227 urbis
639 2177 858 2228 conditae
898 2191 1106 2230 nccxxxi
1125 2217 1138 2237 ,
1194 2178 1391 2231 Horatii
1434 2177 1517 2228 42.
1576 2176 1827 2228 Tiridates
1849 2217 1863 2237 ,
1918 2185 2038 2230 ante

197 2259 359 2300 annos
385 2251 586 2308 septem
617 2255 711 2293 rex
744 2249 948 2294 creatus
979 2257 1009 2294 a
1041 2245 1241 2296 Parthis
1278 2247 1445 2310 (pulso
1481 2243 1547 2295 ab
1578 2243 1683 2294 illis
1716 2243 1769 2293 iu
1801 2246 2041 2298 exsilium

197 2314 415 2364 Phraate
433 2312 666 2375 ipsorum
687 2308 917 2371 legitimo
939 2321 1082 2372 rege,
1105 2312 1175 2362 ob
1199 2313 1314 2374 ejus
1332 2311 1621 2375 saevitiam),
1650 2311 1859 2362 Romam
1877 2313 2037 2371 venit,

195 2377 461 2443 suppetias
488 2377 553 2427 ab
579 2377 808 2439 Augusto
839 2375 1102 2439 petiturus
1128 2383 1309 2428 eontra
1345 2377 1584 2429 eumdem
1612 2377 1909 2438 Phraatem,
1949 2381 2039 2443 qui

198 2447 470 2497 restitutus
493 2444 544 2493 in
565 2455 785 2506 regnum
805 2454 834 2492 a
859 2441 1060 2505 Scythis
1078 2441 1265 2492 fuerat.
1305 2445 1377 2494 De
1410 2445 1609 2494 Parthis
1624 2483 1637 2502 ‚
1666 2451 1721 2496 et
1744 2456 1925 2496 eorum
1948 2445 2041 2498 do-

195 2511 426 2564 mesticis
447 2509 816 2568 seditionibus,
844 2507 1086 2559 Horatius
1101 2520 1239 2570 saepe
1258 2509 1514 2569 meminit,
1545 2515 1605 2562 ut
1631 2509 1733 2562 ode
1753 2510 1819 2562 20
1843 2511 1962 2564 libri
1990 2526 2009 2562 1
2024 2552 2038 2572 ‚

195 2578 351 2628 Musis
387 2579 600 2632 amicus,
637 2580 756 2632 etc„
795 2582 850 2626 et
875 2575 908 2628 2
947 2574 1040 2624 lib.
1074 2586 1144 2633 ιι,
1177 2574 1357 2625 Nullus
1396 2581 1633 2638 cruento,
1674 2581 1791 2633 eto..
1832 2583 1889 2630 et
1928 2579 2043 2630 aliis

196 2643 408 2712 passim.
450 2643 643 2694 Eodem
676 2655 809 2694 anno
835 2642 1096 2706 Augustus
1132 2640 1232 2691 sibi
1263 2641 1529 2692 substituit
1558 2643 1614 2692 L.
1652 2643 1876 2696 Sestium
1916 2658 2073 2696 σου..

195 2709 388 2769 sulem,
415 2713 480 2760 ad
501 2723 658 2774 quem
679 2709 924 2761 scribitur
947 2708 1046 2760 ode
1073 2709 1104 2760 4
1129 2707 1248 2760 libri
1267 2722 1303 2766 1,
1328 2707 1557 2760 Solvitur
1579 2709 1715 2762 acris
1736 2711 1912 2770 hiems,
1940 2717 2040 2765 etc.

265 2805 408 2856 Anno
447 2806 592 2856 urbis
624 2807 845 2858 conditae
887 2821 1132 2866 nocuit,-
1153 2807 1349 2858 Horatii
1394 2807 1479 2858 43.
1521 2807 1742 2859 Fannius
1782 2808 1949 2874 Caepio
1988 2816 2044 2861 et

198 2870 426 2923 Licinius
443 2871 682 2928 Muraena,
709 2887 870 2934 quum
890 2875 943 2924 in
961 2875 1246 2938 Augustum
1268 2875 1667 2938 conspirassent,
1690 2876 1939 2939 supplicio
1967 2877 2042 2928 af·

197 2938 322 2989 fecti
353 2943 492 2988 sunt.
529 2937 748 2988 Murenae
773 2939 936 2991 frater
967 2947 1078 2991 erat
1106 2941 1436 3000 Proculeius;
1471 2940 1537 2992 de
1572 2954 1677 3004 quo
1702 2943 1810 3006 agit
1845 2943 1966 2994 libri
2003 2957 2043 2994 ιι

197 3005 302 3055 ode
327 3003 380 3054 2.
402 3002 475 3053 Ad
495 3001 736 3053 eumdem
765 3005 1011 3057 Licinium
1035 3008 1279 3071 scriptam
1297 3021 1415 3060 esse
1438 3007 1574 3060 oden
1592 3008 1829 3072 ejusdem
1848 3009 1969 3061 libri
1987 3012 2041 3070 7,

196 3071 401 3122 Rectius
427 3071 598 3124 vives,
626 3068 812 3127 Licini,
851 3076 980 3128 eto..
1019 3072 1231 3136 quidam
1260 3075 1460 3127 volunt.

268 3151 413 3202 Anno
443 3149 587 3202 urbis
622 3151 844 3202 conditae
876 3165 1155 3212 nccxxxui,
1184 3156 1380 3208 Horatii
1408 3157 1493 3208 44.
1520 3157 1707 3210 Consul
1726 3166 1934 3211 creatus
1962 3166 2046 3212 est

193 3229 322 3268 cum
363 3219 422 3278 Q.
445 3217 645 3268 AEmilio
675 3218 870 3282 Lepido
895 3221 958 3270 Μ.
985 3221 1207 3271 Lollius:
1239 3235 1397 3288 quem
1427 3224 1667 3276 Horatius
1686 3225 1863 3278 laudat
1879 3226 1981 3280 ode
2008 3227 2041 3278 8

196 3283 325 3335 libri
349 3297 417 3344 iv,
438 3283 509 3336 Ne
529 3287 667 3348 forte
685 3286 864 3337 credas
877 3325 891 3345 ,
923 3290 1024 3338 etc.

264 3373 412 3423 Anno
443 3373 590 3424 urbis
622 3374 843 3427 conditae
875 3389 1135 3433 mcxxxiv,
1170 3376 1363 3428 Horatii
1388 3378 1471 3429 ⁴5.
1505 3378 1764 3440 Phraates.
1801 3395 1897 3434 rex
1922 3381 2042 3433 Par·

76 3435 97 3470 '³'
193 3436 438 3499 thorum,
467 3440 535 3492 ab
553 3442 780 3506 Augusto
817 3456 998 3508 pacem
1034 3443 1263 3508 rogavit,
1291 3450 1346 3497 et
1369 3445 1447 3497 illi
1479 3457 1691 3498 romana
1717 3448 1887 3514 signa,
1925 3463 1957 3494 f*-
