2317 3850
232 116 413 239 a&
862 184 869 191 ’
923 186 1187 230 ΑΡΡΕΝΒΙΧ
1221 188 1288 229 DE
1325 186 1431 229 DUS

264 278 323 313 se
348 264 403 313 in
444 276 588 315 mare
628 263 880 328 projecit.¹
903 269 961 313 et
1000 276 1216 325 regnum
1246 270 1391 313 metu
1418 261 1690 312 liberatum
1737 272 1798 309 ac
1839 259 2104 313 locastam

265 330 450 393 OEdipo
474 330 701 392 reliquit.
728 330 801 380 Ex
824 344 885 380 ea
913 330 1173 380 Eteoclen}
1203 334 1256 379 et
1284 329 1572 391 Polynicem
1593 364 1606 383 .
1635 326 1866 389 itemque
1896 328 2112 390 Antigo-

267 410 371 445 nen
406 402 460 446 et
496 397 749 446 Ismenam
781 396 931 454 tulit;
958 409 1054 445 nec
1082 395 1224 459 prius
1254 400 1472 444 matrem
1497 405 1611 443 esse
1647 405 1792 442 suam
1820 396 2104 455 cognovit,

266 476 453 525 quam.
476 468 588 512 orta
622 463 907 525 pestilentia
925 500 937 519 ,
974 469 1118 511 vates
1145 460 1564 523 pronuntiassent
1587 459 1866 507 immissam
1895 466 2102 521 pestem

265 542 298 577 a
316 532 515 592 superis
535 529 639 578 Laii
658 543 840 579 necem
860 527 1250 582 vindicantibus,
1277 540 1370 577 nec
1390 527 1669 577 desituram
1685 561 1696 579 .
1721 523 1818 573 nisi
1837 526 2106 578 exsularet

266 595 312 644 is
333 632 347 651 ,
377 607 406 643 a
434 608 539 659 quo
566 595 715 645 Laius
743 607 904 645 caesus
944 594 1139 644 fuisset.
1181 594 1507 656 compertum
1547 591 1772 651 denique
1808 588 1908 639 fuit
1941 594 2113 645 caedis

266 666 533 711 auctorem
562 661 797 723 OEdipum
825 672 938 709 esse
960 698 972 717 ,
990 660 1348 722 eumdemque
1373 665 1588 709 matrem
1612 656 1808 705 habere
1833 656 1889 705 in
1917 660 2108 709 matri·

268 727 461 776 monio.
486 728 573 785 His
592 727 838 777 attonitus
865 724 1040 776 infelix
1068 728 1248 777 oculos
1269 724 1406 775 eruit
1437 725 1559 782 sibi,
1585 728 1639 774 et
1669 722 1722 771 in
1747 722 2104 776 voluntarium

265 792 509 907 exlsilium
540 793 808 845 discedens
838 804 1055 856 regnum
1086 793 1279 843 Eteocli
1312 798 1364 841 et
1385 790 1607 856 Polynici
1637 788 2108 841 administrandum

266 870 327 909 re
350 858 500 923 iquit.
1559 866 1570 873 ·

698 946 856 996 CAPUT
879 944 998 995 XXI.
1036 946 1285 995 Emocms
1307 958 1368 995 nr
1395 946 1686 997 Ponrmczs.

338 1084 573 1135 Eteocles
606 1089 661 1134 et
685 1084 973 1147 Polynices,
1004 1083 1174 1145 OEdipi
1201 1082 1296 1132 filii
1313 1121 1326 1139 ,
1362 1094 1428 1131 ne
1458 1088 1732 1143 paternum
1755 1092 1940 1143 regum
1963 1078 2105 1130 divi-—

270 1148 442 1201 dendo
462 1152 815 1206 debilitarent,
838 1152 998 1201 satius
1018 1150 1278 1199 duxerunt
1308 1147 1434 1199 illud
1457 1149 1736 1209 integrum,
1763 1147 1854 1197 sed
1883 1147 2110 1197 alternis

224 1232 232 1241 ·
270 1218 439 1273 annis,
466 1219 749 1281 possidere.
774 1218 1033 1272 Eteocles,
1056 1222 1115 1265 ut
1135 1216 1302 1277 major
1323 1220 1472 1271 natu,
1500 1214 1696 1277 primus
1714 1214 1945 1275 regnavit
1961 1226 2108 1263 anno

270 1295 409 1333 suo:
448 1284 567 1341 sed,
598 1298 663 1334 eo
688 1284 891 1347 elapso,
930 1282 1167 1337 fratrem.
1201 1286 1376 1331 contra
1411 1293 1566 1342 quam
1594 1285 1935 1337 convenerat,
1967 1280 2110 1331 solio

269 1350 493 1400 exclusit.
524 1352 757 1415 (Metam,
779 1351 868 1400 lih.
894 1350 963 1410 9).
992 1350 1111 1399 Haec
1132 1348 1258 1397 belli
1288 1346 1520 1404 thebani,
1543 1360 1572 1396 a
1596 1348 1784 1409 poetiS,
1812 1346 2108 1408 praesertim

271 1428 303 1465 a
330 1417 517 1475 Statio,
554 1416 834 1472 decantati,
862 1428 1035 1465 causa.
1072 1415 1334 1477 Polynices
1359 1414 1494 1463 enim
1533 1426 1739 1463 omnem
1774 1413 2017 1462 Gra-:ciam
2043 1414 2108 1465 in

271 1494 415 1533 arma
435 1483 639 1539 excivit.
662 1484 858 1533 adscito
880 1483 930 1533 in
954 1481 1125 1531 t'oedus
1144 1479 1697 1541 Adrasto„A1-givorum
1721 1491 1860 1541 rege.
1880 1479 2110 1531 Tiresias

270 1546 438 1598 fausta
464 1550 635 1599 omnia
648 1548 901 1599 Thebanis
921 1547 1270 1609 promittebat,
1289 1546 1332 1595 si
1356 1546 1660 1604 MenoeceuS,
1683 1545 1911 1595 Creontis
1931 1544 2068 1595 tilius
2083 1585 2104 1603 ,

272 1613 487 1664 ultimus
507 1614 680 1664 Cadmi
704 1619 1057 1676 posterorum.
1091 1625 1148 1662 se
1180 1625 1275 1675 pro
1300 1613 1460 1675 patria
1489 1612 1788 1663 devoveret.
1817 1612 1920 1661 Nec
1951 1611 2112 1662 dubi·-

271 1683 401 1729 tavit
423 1679 569 1731 fortis
598 1679 896 1729 adolescens
915 1718 927 1736 ,
961 1679 1119 1729 invito
1144 1685 1316 1741 patre,
1346 1690 1654 1740 procurrere
1680 1679 1734 1727 in
1761 1682 2104 1740 conspectum

271 1744 531 1803 hostium,
562 1752 617 1796 et
642 1758 829 1796 cruore
850 1757 977 1799 suo,
1004 1744 1291 1795 voluntaria
1313 1744 1520 1795 victima
1536 1782 1548 1799 .
1581 1746 1748 1795 litare.

342 1812 469 1862 Hinc
492 1812 719 1862 secunda
738 1812 905 1862 omnia
924 1810 1178 1861 Thebanis
1199 1817 1486 1861 cesserunt.
1509 1812 1650 1862 Multi
1668 1809 1892 1862 hostium
1913 1808 2106 1870 duces,

274 1884 329 1929 et
355 1878 678 1942 potissimum
703 1878 929 1943 Tydeus,
968 1876 1358 1942 Parthaenopus.
1399 1878 1691 1942 Capaneus,
1730 1875 2104 1941 AmphiarauS,

270 1945 511 1994 maximis
536 1945 714 2007 jactati
744 1945 1013 2009 periculiS,
1044 1945 1269 2008 periere.
1295 1945 1369 1994 Ad
1392 1950 1682 1996 extremum
1703 1945 1856 1995 ambo
1877 1942 2065 1994 fratres
2082 1981 2102 2003 ,

271 2011 477 2061 crudeli
495 2011 637 2062 bello
661 2011 815 2062 finem
838 2012 1101 2074 imponere
1124 2011 1370 2074 singulari
1387 2012 1664 2062 certamine
1687 2010 1942 2074 aggressi.
1967 2010 2109 2062 alter

270 2077 488 2127 alterius
513 2090 669 2128 manu
691 2077 1006 2128 ceciderunt.
1032 2078 1135 2127 Nec
1156 2077 1268 2141 ipsa
1291 2089 1432 2128 mors
1449 2079 1624 2127 ouium
1649 2077 1858 2127 illorum
1879 2077 2106 2128 interne·

273 2143 452 2193 einum
466 2145 725 2194 exstinxit.
746 2148 800 2194 ln
816 2145 1058 2194 eumdem
1076 2144 1270 2208 quippe
1287 2157 1467 2207 rogum
1483 2144 1726 2203 conjecus
1742 2143 2099 2200 cadaver-ihm,

272 2209 507 2266 flamma.
535 2216 717 2274 sponte
736 2210 895 2261 divisa
915 2250 927 2269 ,
948 2210 1123 2260 vivere
1150 2211 1204 2261 in
1229 2211 1355 2274 ipsis
1377 2216 1699 2262 mortuorum
1725 2209 1943 2262 fratrum
1969 2209 2108 2260 cine·

272 2275 423 2327 ribus
444 2277 733 2329 inimicitias
760 2277 1149 2328 demonstravit.
1178 2279 1338 2328 Creon
1359 2316 1371 2334 ,
1390 2277 1653 2327 exstinctis
1672 2277 1855 2340 OEdipo
1879 2276 2108 2338 ejusque

275 2341 425 2402 filiis,
456 2355 703 2407 regnum,
726 2343 869 2407 quod
894 2343 993 2408 ipsi
1018 2349 1202 2406 sponte
1229 2351 1560 2394 concesserat
1576 2381 1588 2398 ‚
1612 2343 1826 2402 recepit.
1855 2342 2104 2404 Ereptum

271 2420 406 2472 >rogo
439 2411 690 2474 Polynicis
716 2423 905 2474 corpus
932 2417 987 2460 et
1018 2409 1342 2460 inhumatum
1374 2409 1610 2470 projecit.
1641 2408 1942 2466 Antigonam
1961 2443 1973 2462 ‚
2003 2408 2115 2458 fra.

272 2475 372 2524 tris
396 2489 509 2526 ossa
539 2485 771 2528 conatam
803 2475 1025 2538 sepelire
1043 2513 1055 2529 ‚
1082 2476 1250 2526 vivam
1277 2475 1436 2524 humo
1458 2473 1615 2534 jussit
1639 2470 1798 2520 infodi
1821 2487 1834 2520 :
1870 2469 1961 2519 sed
1989 2470 2112 2533 ipsa

273 2543 587 2605 supplicium
606 2582 618 2600 .
664 2542 807 2593 elisis
845 2541 1111 2595 faucibus,
1145 2538 1441 2590 antevertit.
1485 2539 1547 2586 At
1586 2539 1794 2588 Haemon
1812 2574 1824 2592 .
1869 2535 2111 2590 Creontis

274 2606 416 2657 filius
435 2646 447 2665 ,
491 2611 583 2671 qui
619 2609 914 2663 Antigonem
956 2618 1198 2667 sponsam
1239 2609 1533 2666 optaverat,
1574 2615 1751 2653 ensem
1793 2602 1893 2656 sibi
1927 2603 2112 2668 adegit

274 2673 329 2722 in
354 2678 563 2734 pectus;
604 2672 889 2734 Eurydice,
918 2671 1148 2720 Creontis
1183 2682 1335 2725 uxor.
1367 2674 1567 2720 tantum
1601 2669 1696 2720 filii
1725 2668 1870 2721 obitu
1903 2669 2106 2722 luctum

266 2737 475 2795 hausit.
510 2743 571 2788 ut
596 2745 815 2788 mortem
845 2737 942 2786 sihi
968 2735 1294 2787 consciverit.
1330 2736 1470 2786 Hanc
1500 2735 1657 2800 regiae
1677 2736 1882 2787 familiae
1901 2736 2109 2788 cladem

276 2804 558 2868 Sophocles
584 2803 637 2853 in
662 2815 869 2855 scenam
903 2813 1065 2866 quum
1097 2802 1421 2865 protulisset,
1457 2809 1565 2853 tam
1595 2803 1741 2854 suavi
1771 2803 2104 2855 commisera-

268 2871 417 2988 ἔξω
453 2869 625 2921 affecit
656 2874 975 2935 spectatores
990 2905 1005 2924 .
1047 2873 1109 2918 ut
1145 2868 1328 2919 insulae
1367 2870 1506 2919 Sami
1543 2869 1852 2934 praefectura
1885 2869 2112 2921 donatus

334 2936 469 2988 erit.-
1213 2941 1220 2948 “
1475 2963 1482 2967 -

872 3021 1031 3072 CArur
1056 3019 1200 3072 xx11.
1238 3020 1508 3076 Taurinos.

344 3155 455 3206 Non
479 3154 761 3207 levioribus
784 3153 1074 3206 infortuniis
1096 3155 1283 3206 familia
1305 3157 1525 3213 Tantali,
1549 3155 1688 3218 regis
1711 3151 1964 3216 Phrygiae.
1988 3163 2114 3202 con-

275 3221 419 3272 cidit.
479 3223 647 3273 Prima
684 3223 1027 3273 calamitatum
1070 3223 1248 3286 origo,
1296 3222 1533 3285 impietas
1565 3223 1724 3284 ipsius
1761 3217 1958 3268 Tantali
1986 3216 2107 3267 fuit.

276 3287 459 3338 <lovem
476 3325 489 3346 ,
517 3301 546 3338 a
570 3302 676 3353 quo
707 3301 869 3352 genus
897 3288 1146 3346 ducebat.
1177 3301 1297 3339 cum
1324 3289 1512 3338 ceteris
1545 3289 1641 3336 diis
1671 3286 1812 3336 domi
1837 3297 1945 3334 suae
1965 3295 2116 3334 acce-

275 3360 443 3418 perat.
469 3353 657 3405 Eorum
680 3355 997 3405 divinitatem
1017 3361 1076 3405 ut
1094 3355 1366 3419 probaret.
1395 3354 1636 3417 Pelopem
1657 3365 1813 3402 suum
1837 3350 1998 3399 tilium
2013 3387 2028 3407 ,
2054 3351 2110 3400 in

276 3417 441 3470 frusta
460 3421 724 3470 concisum
739 3460 751 3479 ‚
775 3427 829 3472 et
848 3423 1060 3479 elixum,
1076 3421 1182 3471 illis
1201 3420 1440 3483 apposuit
1461 3421 1694 3482 (Metam.
1722 3418 1815 3467 lib.
1835 3417 1908 3476 ⁴3).
1931 3418 2110 3473 CereS,

276 3485 433 3544 paulo
450 3485 668 3550 reliquis
690 3488 910 3547 avidior,
934 3488 1211 3538 humerum
1234 3485 1434 3550 Pelopis
1457 3485 1774 3550 absumpsit;
1801 3481 1903 3540 alii,
1919 3481 2113 3532 ferales
