2317 3850
752 61 819 102 ετ
856 60 1118 103 amoinus
1154 60 1416 103 ros‘rlcis.
1867 48 2050 121 mr}

140 144 429 193 nocerent.
459 138 610 188 Utres
638 133 863 185 tumidos
886 134 1012 185 socii
1033 135 1166 184 male
1190 134 1382 185 curiosi
1404 134 1686 185 reclusere.
1716 136 1885 190 Ventis
1917 152 2002 189 so-

142 208 299 264 lutis,
350 216 502 255 novae
541 206 877 263 tempestates
914 201 1171 258 excitatae.
1213 215 1342 251 nova
1381 202 1626 265 pericula.
1657 202 1724 251 lis
1745 202 1998 265 jactatum

140 276 391 338 Ulyssem
408 309 423 327 ,
463 274 519 319 et
565 280 595 317 a
634 266 1061 329 Laestrygouibus.
1106 266 1414 317 formianum
1459 268 1602 317 littus
1654 268 2001 321 incolentibus

135 347 307 403 atque
332 338 561 386 humana
583 346 739 383 carne
759 334 896 383 vesci
914 332 1105 389 solitiS‚
1129 345 1274 394 paene
1296 346 1599 396 oppressum
1615 372 1627 390 ,
1649 333 1889 386 insidiosa
1909 337 2002 387 be-

139 406 406 469 nignitate
444 398 653 462 excepit
676 398 845 457 Circe,
884 398 1077 448 famosa
1116 398 1360 449 venefica.
1401 400 1519 449 Haec
1541 400 1710 450 socios
1733 400 2000 465 Ulyssisiu

144 473 380 522 ferarum
411 466 557 519 varia
580 472 807 515 monstra
831 464 1245 515 transformavit:
1273 465 1385 527 ipse
1414 472 1552 515 artes
1571 466 1793 528 magicas
1820 467 1996 527 elusit,

146 540 445 587 instructus
488 532 651 582 herba
679 531 825 594 Moly,
854 531 1116 594 sapientiae
1140 530 1399 594 symbolo,
1439 545 1468 581 a
1501 533 1752 583 Mercurio
1786 533 1884 583 sihi
1910 533 2003 583 do-

150 611 263 655 nata
294 602 546 664 metam..
570 597 661 647 lib.
691 598 752 646 14
769 599 805 656 ).
828 597 1017 647 Eadem
1041 598 1182 647 Circe
1203 596 1493 658 adjuvante.
1517 598 1644 647 adiit
1661 598 1851 649 inferos
1868 638 1881 657 ,
1906 598 1999 649 ubi

146 684 180 719 a
201 668 405 718 Tiresia
431 671 555 715 vate
578 664 739 713 mulla
765 662 829 712 de
849 665 1007 714 rebus
1026 663 1305 725 aliquando
1328 663 1427 713 sibi
1451 664 1710 715 eventui-is
1733 666 1998 728 cognovit.

151 736 273 785 Pari
294 732 551 783 felicitate
593 743 653 780 ac
689 729 961 790 prudentia
1000 729 1236 779 Sirenum
1265 728 1473 780 dolosos
1509 735 1690 781 cantus
1725 732 1775 781 in
1809 732 1998 783 eodem

150 800 403 864 tyrrheno
444 799 621 848 littore
647 794 855 859 effugit,
883 795 1139 846 sociorum
1178 795 1394 846 auribus
1419 808 1537 846 cera
1569 798 1852 856 obtutam,
1883 798 1998 862 ipse

154 868 218 917 ad
249 866 456 917 malum
482 863 744 925 alligatuS.
782 862 905 911 lnde
940 862 1166 913 Siciliam
1200 874 1409 912 rursum
1444 864 1629 913 tenuit.
1667 864 1797 914 Solis
1835 865 1999 915 hoves

157 933 453 983 Phaethusa
476 929 697 993 nympha
718 928 978 991 pascebat.
1001 929 1322 991 Praeceperat
1341 928 1493 979 enixe
1512 928 1664 979 sociis
1687 930 1914 993 UlysseS,
1938 936 2000 981 ut

158 998 312 1050 sacris
338 996 593 1050 amentis
612 1000 980 1057 temperarent.
1006 995 1220 1045 Auditus
1240 1008 1340 1045 non
1363 999 1477 1045 est:
1505 996 1681 1059 itaque
1701 996 1819 1048 Sole
1841 998 1996 1054 irato,

159 1078 311 1115 naves
334 1078 462 1114 cum
486 1062 639 1112 sociis
675 1060 846 1111 amisit
865 1100 877 1119 ‚
913 1062 1101 1124 vixque
1129 1062 1181 1111 in
1217 1059 1392 1113 fractae
1425 1062 1548 1112 ratis
1570 1062 1746 1114 tabula
1774 1064 2002 1114 enatavit

158 1131 220 1179 ad
252 1131 500 1193 Ogygiam
524 1126 773 1183 insulam.
800 1126 891 1177 ubi
908 1164 921 1185 ‚
948 1128 1145 1177 recenti
1171 1126 1375 1191 navigio
1412 1128 1693 1179 instructus
1719 1143 1748 1179 a
1777 1129 1998 1193 nympha

158 1197 397 1260 Calypso,
422 1195 555 1245 mari
574 1207 631 1244 se
648 1192 922 1243 commisit.
941 1194 1095 1244 Facto
1119 1195 1308 1243 iterum
1328 1194 1592 1255 naufragio
1608 1232 1622 1254 ,
1645 1196 1794 1258 cujus
1815 1202 1998 1246 auctor

158 1261 427 1325 Neptunus
442 1300 456 1318 ,
478 1260 846 1323 Polyphemum
864 1259 1023 1311 filium
1041 1261 1106 1309 ah
1126 1261 1303 1323 Ulysse
1319 1266 1629 1310 excaecatum
1647 1273 1783 1323 aegre
1801 1262 1996 1319 serem,

162 1328 333 1377 evasit
350 1342 449 1390 ope
468 1325 775 1378 Leucothoae
799 1326 851 1375 in
879 1326 1099 1376 insulam
1118 1326 1385 1389 Corcyram
1401 1364 1414 1381 ,
1438 1330 1506 1380 et,
1528 1328 1752 1389 acceptis
1776 1326 1842 1377 ab
1865 1327 1997 1376 Alei·

161 1405 298 1449 noo,
340 1394 595 1444 Phaeacum
630 1404 783 1455 rege,
828 1393 1074 1450 navihuS,
1115 1391 1338 1443 Ithacam
1374 1391 1559 1454 attigit.
1603 1392 1818 1442 Domum
1850 1406 2000 1443 suam

75 1498 77 1527 ÷
162 1459 357 1509 rustici
376 1458 505 1508 cultu
531 1461 801 1519 ingressus
829 1457 1241 1521 cognoscendum
1277 1471 1333 1509 se
1355 1458 1659 1509 Telemacho
1687 1457 1790 1509 lilio
1811 1463 1864 1509 et
1883 1459 1998 1509 fidis

164 1524 371 1587 aliquot
406 1524 608 1575 famulis
642 1524 785 1576 dedit
806 1563 818 1582 .
848 1537 1067 1587 quorum
1112 1537 1268 1588 opera
1304 1524 1474 1588 procis
1512 1524 1725 1583 deletis,
1766 1524 2000 1576 fortunas

75 1606 77 1611 ·
166 1603 486 1653 uxoremque
498 1591 807 1654 Penelopem
829 1590 1172 1654 recuperavit.
1198 1592 1264 1641 Re
1282 1591 1416 1643 bene
1430 1598 1594 1653 gesta,
1618 1592 1790 1643 laetum
1812 1593 2001 1644 tacitus

162 1658 384 1721 angebat
410 1654 611 1714 me'tus,
644 1670 709 1706 ne
734 1672 763 1707 a
784 1655 887 1707 filio
914 1656 1294 1707 interficeretur
1319 1675 1331 1715 ;
1373 1657 1424 1705 id
1454 1658 1590 1707 enim
1619 1659 1837 1709 Tiresias
1866 1672 2000 1722 prae-
2084 1676 2093 1687 ·

162 1723 392 1782 dixeram
414 1738 507 1781 ac,
531 1738 596 1773 ne
621 1722 754 1773 tristi
774 1723 1007 1773 vaticinio
1035 1722 1187 1774 fidem
1216 1724 1436 1781 faceret,
1469 1725 1725 1786 cogitabat
1749 1726 2001 1777 secedere

75 1824 91 1837 .
160 1790 211 1840 in
233 1791 474 1853 aliquam
507 1789 856 1846 solitudinem.
886 1803 1044 1851 quum
1066 1789 1380 1853 TelegonuS,
1410 1803 1564 1853 quem
1592 1804 1620 1840 e
1645 1792 1786 1841 Circe
1811 1804 2003 1854 genue-

164 1862 260 1914 rat,
302 1856 499 1907 audito
538 1854 667 1905 felici
696 1856 853 1918 patris
892 1856 945 1905 in
985 1856 1210 1907 ithacam
1248 1856 1498 1914 adventu,
1526 1858 1745 1907 accessit
1779 1859 2004 1920 gratula-

165 1928 325 1973 turus.
370 1923 507 1974 Dum
541 1929 597 1973 ut
639 1922 844 1985 ignotus
869 1922 1156 1986 repellitur,
1185 1922 1415 1974 nonnihil
1446 1924 1694 1974 tumultus
1726 1931 1896 1976 ortum
1921 1931 2004 1976 est

168 1990 226 2039 ad
250 1989 409 2041 fores,
454 1989 717 2040 Procurrit
734 1989 962 2052 UlysseS,
1007 1996 1064 2039 ut
1087 2002 1199 2040 rem
1223 1995 1583 2054 cognosceret,
1612 1991 1852 2055 interque
1877 2003 2002 2042 con-

168 2053 307 2107 tusos
343 2055 766 2108 tumultuantium
803 2057 1056 2106 clamores
1092 2056 1278 2119 sagitta
1314 2058 1613 2107 vulneratur
1653 2071 1682 2106 a
1716 2058 1999 2121 Telegono.

169 2121 307 2238 Pieri
339 2122 592 2238 metdicina
634 2122 797 2185 plagae
844 2135 948 2172 nou
987 2121 1178 2185 potuit,
1217 2123 1338 2185 quia
1371 2123 1600 2185 jaculum
1641 2135 1839 2175 veneno
1877 2123 2006 2176 infe·

165 2199 197 2237 c
226 2199 317 2237 um
332 2201 416 2238 era
443 2226 455 2239 .

758 2252 915 2303 CArur
951 2249 1157 2300 XXVIII.
1205 2252 1400 2302 AENEAS.

234 2359 440 2416 AEneas‚
471 2359 683 2410 Veneris
719 2363 773 2408 et
799 2357 1029 2409 Anchisae
1055 2355 1225 2414 filius,
1256 2357 1495 2405 Creusam
1514 2395 1526 2412 ‚
1557 2355 1741 2404 Priami
1769 2362 2004 2408 natarum

166 2437 349 2483 unam,
388 2425 628 2476 duxerat.
673 2426 709 2474 E
743 2426 919 2487 patriae
944 2423 1186 2474 incendio
1227 2423 1430 2486 elapsus
1460 2434 1558 2486 ope
1585 2422 1764 2472 matris
1801 2428 2005 2485 septem

166 2504 327 2542 annos
363 2493 558 2543 erravit
591 2492 793 2542 incerto
823 2492 982 2548 mari,
1015 2490 1084 2541 ob
1123 2490 1255 2539 iram
1282 2489 1528 2546 Iunonis,
1559 2488 1749 2538 nomini
1803 2489 2006 2552 trojano

168 2569 378 2622 semper
408 2558 633 2608 infensae.
656 2558 745 2608 His
766 2556 1037 2608 transactis
1058 2595 1071 2614 .
1097 2555 1453 2620 Carthaginem
1480 2555 1644 2614 venit,
1675 2556 1764 2607 uhi
1781 2596 1794 2614 ,
1821 2567 2010 2620 quem-

170 2623 449 2674 admodum
488 2631 677 2674 canunt
711 2624 949 2688 Virgilius
990 2628 1047 2674 et
1076 2622 1310 2679 Ovidius.
1350 2622 1477 2672 Dido
1523 2635 1707 2673 novam
1745 2623 2004 2676 condebat

170 2691 378 2746 urbem.
396 2692 461 2740 ab
480 2704 645 2754 eaque
669 2691 937 2741 mensibus
966 2690 1165 2753 aliquot
1185 2689 1479 2740 retardatus
1499 2728 1510 2747 ,
1532 2696 1774 2743 monente
1793 2691 2008 2743 demum

170 2755 325 2812 Jove.
347 2759 569 2818 perrexit
590 2758 643 2807 in
668 2758 889 2814 ltaliam,
914 2769 991 2814 ac,
1018 2757 1153 2807 victo
1173 2755 1471 2806 Rutulorum
1497 2768 1622 2819 rege
1643 2756 1840 2816 Turno,
1868 2757 2009 2808 Lavi·

174 2821 339 2880 niam,
379 2824 513 2886 regis
541 2823 702 2874 Latini
735 2822 1062 2880 filiam‚‘cum
1098 2822 1260 2873 dotali
1286 2835 1449 2885 regno
1475 2821 1706 2888 accepit,
1730 2829 1782 2874 et
1809 2823 2008 2876 romani

174 2886 379 2952 imperii
396 2888 725 2940 fundamenta
744 2889 875 2954 iecit
906 2889 1140 2954 (Metam.
1169 2889 1262 2938 lib.
1286 2889 1347 2938 13
1372 2895 1427 2938 et
1448 2889 1562 2954 14).

500 3005 664 3058 Cum
685 3004 849 3057 XXIX.
875 3005 1108 3056 lirinus
1134 3018 1166 3055 ε
1193 3017 1392 3056 rannus
1411 3015 1671 3055 emtum.

105 3101 110 3219 }
238 3102 403 3161 Quum
442 3108 612 3168 poetae
646 3118 707 3156 ac
726 3105 969 3157 doctores
992 3103 1218 3168 prosanae
1255 3103 1572 3167 antiquitatis
1609 3102 1856 3167 plurima,
1891 3114 2012 3164 quae

173 3167 234 3218 ad
267 3169 626 3232 explicandam
656 3183 833 3222 rerum
858 3177 1122 3228 naturam,
1163 3177 1255 3221 aut
1285 3170 1616 3221 instruendos
1651 3181 1824 3219 mores
1857 3169 2014 3230 perti·

176 3240 317 3294 nent.
356 3236 652 3288 simulacris
682 3238 901 3288 deorum
942 3245 998 3290 et
1031 3237 1324 3288 fabularum
1359 3237 1624 3299 tegumine
1667 3234 1976 3285 involverint
1992 3272 2010 3292 .

178 3298 549 3364 dispiciendum
578 3308 660 3353 est
680 3304 807 3367 quid
834 3303 943 3356 veri
967 3304 1156 3356 bonive
1184 3302 1283 3354 suh
1313 3302 1427 3352 istis
1443 3301 1810 3365 integumentis
1835 3303 2010 3354 lateat.

113 3385 115 3452 ἐ
176 3364 246 3418 lta
264 3369 467 3420 Coelum
488 3368 753 3422 finxerunt
766 3371 975 3422 Saturni
1011 3370 1121 3421 sive
1140 3367 1410 3433 Temporis
1430 3373 1628 3432 patrem
1643 3405 1657 3427 .
1679 3366 1802 3431 quia
1816 3369 2015 3420 Coelum

115 3495 124 3716 l
