2317 3850
64 199 71 232 t

762 94 831 136 DE
869 93 1001 136 ARTE
1035 91 1260 135 POETICA
1296 89 1472 134 Linus.

1899 75 2013 139 337

308 172 549 231 Doctum
576 171 909 226 imitatorem
932 211 947 235 ,
974 173 1030 224 et
1054 181 1214 222 veras
1239 167 1372 224 hinc
1399 167 1600 224 ducere
1629 179 1812 226 voces,

310 241 599 298 Interdum
629 241 883 310 speciosa
906 239 1047 295 locis
1078 245 1401 308 morataque
1429 245 1578 294 recte

170 309 281 374 320
312 313 558 377 Fabula,
587 313 804 367 nullius
829 311 1079 376 veneriS,
1103 310 1227 365 sine
1250 309 1494 379 pondere
1523 314 1578 366 et
1607 315 1755 378 arte,

311 383 553 439 Vald-ius
576 383 821 438 oblectat
851 383 1118 450 populum
1137 422 1152 445 ‚
1179 380 1494 448 meliusque
1519 388 1789 448 moratur,

302 455 494 524 'Quam
520 467 719 509 versus
750 454 946 522 inopes
973 464 1158 507 rerum
1175 491 1193 518 ,
1228 464 1498 520 nugaeque
1525 464 1763 508 canorae.

381 524 575 582 Graiis
599 524 920 594 ingenium,
952 521 1145 578 Graiis
1174 522 1329 578 dedit
1351 535 1446 578 ore
1471 523 1714 579 rotundo

312 593 479 651 Musa
506 596 691 664 ioqui,
722 600 922 662 praeter
947 592 1198 658 laudem,
1229 592 1446 648 nuliius
1467 594 1672 649 avaris,

173 665 283 727 325
318 666 558 723 Romani
584 666 742 734 pueri
773 665 963 734 longis
990 663 1307 720 rationibus
1335 675 1516 718 assem

313 737 557 794 Discunt
585 737 643 790 in
674 742 860 805 partes
884 739 1107 791 centum
1137 734 1418 790 diducere.
1447 734 1648 792 «Dicat

317 808 498 864 Filius
522 806 746 872 Albini,
775 807 823 861 si
852 806 919 861 de
946 807 1264 875 quincunce
1289 811 1500 861 remota
1527 811 1616 861 est

316 878 523 943 Uncia,
546 877 683 947 quid
709 881 977 946 superat?
1001 883 1225 946 poteras
1250 873 2000 936 dixisse?-TrienS.—Eu!

316 947 452 1004 Rem
482 949 695 1016 poteris
722 961 943 1004 servare
974 953 1144 1003 tuam.
1169 946 1336 1002 Redit
1366 947 1558 1014 uncia,
1587 949 1726 1018 quid
1753 949 1934 1006 tit?—

174 1013 289 1078 330
322 1019 519 1074 Semis.
544 1041 565 1066 ι
594 1018 680 1074 An
698 1060 712 1085 ,
743 1019 857 1074 haec
883 1019 1101 1074 animos
1128 1030 1318 1088 aerugo
1343 1022 1400 1073 et
1424 1032 1558 1074 cura
1585 1020 1767 1088 peculi

319 1088 501 1157 Quum
525 1089 697 1145 semel
732 1089 1024 1156 imbuerit,
1051 1102 1342 1158 speramus
1365 1089 1614 1144 carmina
1642 1090 1776 1161 fingi

317 1159 489 1216 Posse
518 1161 743 1215 linenda
772 1159 966 1226 cedre,
994 1166 1051 1215 et
1075 1159 1198 1214 laevi
1227 1159 1496 1215 servanda
1518 1174 1786 1230 cupresso
1804 1155 1835 1217 ⁴?

388 1231 503 1286 A‘ut
526 1231 792 1300 prodesse
817 1230 1043 1297 volunt,
1072 1235 1170 1285 aut
1197 1229 1472 1285 delectare
1500 1235 1676 1300 poetae
1696 1275 1712 1299 ,

317 1301 433 1357 Aut
464 1303 632 1356 simul
658 1307 714 1357 et
731 1300 979 1371 jucunda
1001 1307 1057 1357 et
1084 1301 1286 1356 idonea
1317 1301 1498 1356 dicere
1527 1302 1676 1357 vitae.

172 1370 285 1434 335
321 1371 606 1441 Quidquid
640 1373 965 1442 praecipieS‚
997 1380 1118 1428 esto
1141 1371 1361 1438 brevis»,
1389 1379 1452 1428 ut
1476 1373 1588 1428 cito
1613 1372 1763 1428 dicta

301 1442 636 1513 -Percipiant
660 1443 829 1497 animi
864 1443 1078 1499 dociles
1096 1484 1111 1508 ‚

1148 1446 1487 1512 teneantque
1514 1443 1722 1498 fideles·

316 1511 498 1570 Omne
522 1527 923 1582 supervacuum
952 1513 1119 1582 pleno
1144 1513 1214 1568 de
1236 1517 1457 1582 pectore
1481 1517 1692 1570 manat.

316 1583 475 1640 Ficta
500 1584 805 1654 voluptatis
834 1597 1003 1640 causa
1029 1584 1147 1640 sini
1175 1585 1428 1654 proxima
1449 1585 1628 1648 veris;

316 1655 432 1711 Nec
450 1697 465 1723 ,
496 1654 883 1726 quodcumque
906 1656 1082 1722 volet,
1107 1660 1305 1724 poscat
1336 1655 1446 1711 sihi
1471 1654 1660 1712 fabula
1681 1657 1871 1726 credi;

170 1722 287 1785 340
319 1726 441 1780 Neu
472 1739 691 1794 pransae
716 1727 922 1782 Lamiae
946 1726 1132 1782 vivum
1158 1741 1396 1796 puerum
1423 1728 1678 1784 extrahat
1703 1729 1848 1786 alvo.

318 1795 604 1852 Centuriae
629 1797 912 1852 seniorum
938 1797 1153 1869 agitant
1180 1797 1428 1869 expertia
1454 1796 1671 1870 frugis;

152 1875 155 1878 ⁴
172 1907 223 1943 in
240 1901 379 1949 primis
392 1905 438 1939 nt
454 1907 575 1949 poeta
592 1905 767 1943 imitetur
785 1911 970 1946 accurate
987 1917 1070 1947 mo-

175 1964 245 1995 res
268 1959 309 1993 et
332 1956 455 1994 vitam
476 1958 681 1996 hominum
704 1962 977 2005 quotidianam
991 1990 1001 2008 ,
1024 1972 1071 2000 ao

174 2007 346 2056 proinde
382 2009 493 2048 illam
537 2014 723 2059 respiciat
756 2017 797 2051 et
830 2022 1071 2059 cognoscere

170 2062 338 2101 studeat
351 2090 361 2107 ,
384 2067 426 2099 et
448 2065 539 2101 inde
556 2074 666 2103 veras
684 2068 875 2110 imagines
894 2068 1069 2109 effingat.

234 2116 328 2149 819.
350 2111 546 2161 Speciosa
572 2115 688 2154 locis.
709 2118 929 2161 conspicua
946 2122 987 2154 et
1008 2118 1069 2155 lo·

174 2164 317 2210 cupies
343 2166 547 2203 sententiis
572 2172 613 2204 et
644 2170 761 2205 relius
786 2178 883 2211 quas
911 2173 1069 2207 tractat.

173 2236 235 2247 --
268 2214 519 2265 Merumque
550 2223 683 2257 recte.
716 2222 761 2256 ln
789 2229 869 2265 qua
900 2226 1007 2261 recte
1031 2227 1073 2259 et

172 2279 269 2311 vere
286 2272 459 2316 expressi
482 2273 572 2307 sunt
586 2281 718 2309 mores
732 2273 949 2311 hominum.

234 2326 328 2362 820.
354 2321 523 2361 Nullius
548 2324 723 2363 veneris.
752 2326 895 2363 Carens
913 2328 1072 2372 elegan-

174 2378 251 2415 tia.
273 2395 323 2405 —
342 2374 442 2416 Sine
459 2374 663 2427 pondere.
684 2379 836 2417 Nullius
854 2382 1070 2429 momenti,

172 2430 237 2468 vel
254 2439 393 2469 carens
419 2432 651 2470 sonantibus
678 2435 719 2471 et
739 2434 959 2471 numerosis
982 2443 1070 2473 ver·

171 2484 301 2522 silius.

232 2540 326 2575 823.
372 2534 455 2576 Ore
501 2536 698 2577 rotundo.
734 2538 955 2601 Eleffauter,
1002 2549 1069 2579 or·

172 2591 293 2635 nate,
317 2598 541 2630 numerose.
758 2587 829 2631 ’.ῧί

232 2644 325 2680 82¹0.
339 2640 503 2682 Proeter
517 2644 700 2695 laudem,
728 2629 891 2685 ‚editius
906 2647 1069 2687 avaris.

170 2695 340 2741 cupidis
353 2724 363 2741 ,
382 2698 505 2735 avidis
522 2701 669 2736 nuliius
689 2701 767 2748 rei,
790 2701 865 2737 nisi
884 2702 1027 2741 laudis.

230 2750 326 2783 ass.
341 2746 491 2797 Longis
506 2750 757 2791 rationibus.
782 2755 966 2801 implexis
977 2766 1068 2804 sup-

172 2798 467 2842 putationibus.

233 2850 327 2886 ³27.
369 2847 523 2887 Albini.
556 2853 771 2899 Cuiusdam
802 2858 1068 2901 toeneratorls.

173 2918 229 2931 .-
244 2897 503 2948 Ωυὺισιιηοσ.
522 2906 581 2939 De
601 2908 777 2952 quinque
795 2914 938 2949 unciis.

231 2958 328 2993 828.
367 2952 585 3003 Superat?
616 2960 823 3004 Superest,
861 2968 1069 3005 remanet?

167 3024 232 3037 ...
258 3005 437 3045 Poteras
455 3005 653 3046 dixisse?
686 3014 745 3049 An
767 3019 923 3061 posses,
954 3022 1069 3062 potes

171 3060 445 3106 respondere?
470 3079 520 3087 —
547 3058 713 3099 Tri'ens.
740 3066 869 3103 Tertia
892 3078 983 3113 pars
1002 3080 1065 3109 as-

163 3114 228 3151 sis
246 3117 422 3159 quatuor
441 3114 584 3153 unciae.
608 3113 663 3151 Ar
683 3117 723 3153 in
748 3118 957 3157 duodecim
976 3133 1066 3167 par-

175 3169 235 3202 ·es
256 3166 340 3203 sive
369 3168 506 3204 uncias
526 3167 788 3208 dividebatur.
805 3190 860 3200 —
876 3172 966 3211 Eu!
985 3179 1069 3214 noo

190 3220 241 3255 sse
274 3217 374 3255 dicit
405 3221 475 3264 qui
504 3220 630 3257 tilium
653 3223 781 3261 Albini
806 3225 1069 3270 interrogasse

170 3272 413 3315 ,argebatun
440 3275 587 3318 Estque
608 3282 738 3317 graeca
762 3279 925 3325 vocula,
950 3274 990 3317 ὦ
1013 3282 1067 3318 si·

162 3325 366 3371 guincans
378 3352 389 3371 ‚
407 3322 513 3378 belle
526 3353 538 3373 ,
557 3329 917 3378 eu9e‚·‘proeclare
941 3331 1067 3371 dicis.

226 3380 323 3415 829.
357 3375 471 3417 Rem.
499 3381 619 3427 Opes,
644 3399 693 3409 —
725 3379 867 3423 Redit.
890 3386 1071 3425 Addatur

163 3431 406 3478 quincuncl.

306 3492 521 3545 Horace.

1179 1911 1271 1947 330.
1299 1905 1449 1948 Semis.
1479 1911 1553 1947 sex
1583 1909 1736 1958 unciae,
1768 1909 1902 1949 media
1923 1919 2020 1957 pars

1121 1964 1236 1999 assis.
1263 1980 1320 1990 -—-
1345 1960 1517 2011 AEruyo.
1551 1965 1712 2009 Proprie
1738 1968 1799 2001 est
1821 1966 2020 2018 vitiumflet

1120 2016 1262 2058 rubigo
1281 2016 1388 2051 aeris.
1403 2017 1574 2053 Avaritia
1597 2018 1660 2055 hic
1677 2018 1932 2061 significatur.
1959 2038 2018 2049 —

1121 2064 1288 2104 Peculi.
1309 2070 1503 2105 Pecuniae.
1523 2073 1592 2106 Est
1609 2073 1769 2116 proprie
1787 2072 2013 2119 peculium,

1122 2121 1292 2163 pecunia
1315 2122 1499 2165 quaedam
1525 2123 1690 2166 proprio
1718 2123 1854 2161 labore
1873 2129 2016 2173 paria,

1122 2174 1342 2215 praesertim
1361 2182 1386 2209 a
1407 2182 1518 2211 servo
1537 2175 1597 2211 vei
1615 2175 1696 2212 illio
1721 2176 1906 2216 familias.

1179 2226 1272 2261 332.
1301 2222 1452 2263 Cedro.
1481 2226 1577 2264 oleo
1609 2228 1795 2275 cedrino,
1825 2232 1920 2275 quia
1945 2240 2015 2271 ce-

1123 2274 1186 2312 dri
1204 2285 1345 2315 succ-us
1363 2280 1404 2314 et
1421 2279 1550 2315 oleum
1565 2280 1710 2317 cariem
1723 2285 1846 2320 arcet.
1863 2302 1919 2312 —
1931 2282 2017 2323 Gu-

1117 2337 1280 2377 presso.
1329 2331 1480 2367 scrinio
1508 2333 1736 2377 cupressino
1749 2362 1760 2380 ,
1813 2337 1906 2381 quia
1943 2347 2014 2376 cu-

1122 2390 1282 2426 pressus
1303 2384 1448 2421 blattas
1464 2386 1506 2421 ci
1528 2386 1650 2424 tineas
1666 2391 1790 2425 arcet.
1808 2406 1864 2417 -
1883 2386 2015 2432 Laevia

1122 2435 1337 2479 Loevigato.

1165 2490 1272 2525 1837.
1297 2486 1458 2526 Manat.
1489 2490 1646 2539 Effluit,
1665 2493 1827 2531 excidit.
1847 2495 1986 2535 Omnia
2000 2526 2014 2544 ‚

1122 2548 1214 2587 quae
1243 2545 1337 2579 sunt
1365 2552 1628 2591 supervacua,
1660 2554 1740 2583 non
1777 2546 1949 2586 innuunt
1973 2552 2016 2589 in

1120 2598 1262 2640 pectus
1274 2596 1358 2642 jam
1384 2595 1546 2641 plenum
1564 2601 1606 2634 et
1621 2600 1871 2637 exsatiatam.
1891 2604 2014 2641 Meta·

1120 2648 1252 2693 phora
1275 2650 1395 2687 ducta
1409 2658 1434 2687 a
1450 2658 1540 2687 vase
1562 2650 1683 2697 pleno
1695 2679 1706 2698 ,
1726 2652 1768 2689 in
1784 2654 1894 2699 quod
1915 2656 2016 2694 nihil

1120 2702 1292 2747 amplius
1312 2702 1468 2740 infundi
1483 2708 1632 2749 potest.

1177 2759 1268 2794 338.
1307 2754 1450 2805 Ficta,
1488 2760 1569 2795 ecc.
1615 2760 1712 2805 Quoe
1739 2758 2019 2799 delectationis

1118 2819 1240 2847 causa
1255 2810 1472 2855 finguntur.
1499 2811 1643 2849 debent
1671 2821 1758 2850 esse
1785 2822 1876 2851 vero
1903 2814 2014 2853 simi·

1118 2863 1189 2908 lia,
1211 2872 1338 2909 neque
1360 2865 1498 2902 fabula
1515 2874 1584 2902 seu
1604 2869 1725 2911 poeta
1747 2870 1880 2912 petere
1895 2868 2016 2907 debet

1119 2925 1145 2953 a
1164 2921 1390 2961 spectatore
1408 2921 1453 2954 ut
1467 2918 1602 2956 credat
1615 2920 1692 2957 sibi
1706 2920 1866 2967 dicenti,
1885 2922 2016 2967 quod-

1120 2978 1292 3013 cumque
1315 2972 1501 3017 libuerit,
1531 2974 1752 3017 quamlibet
1771 2975 1823 3011 sit
1839 2975 2010 3012 incredi-

1118 3021 1214 3058 bile.
1246 3026 1368 3061 Erant
1397 3021 1558 3063 Lami‘oe
1591 3030 1768 3063 monstra
1801 3028 2014 3075 quedam,

1118 3074 1330 3113 mulierum
1348 3078 1480 3121 specie
1495 3105 1504 3123 ‚
1537 3088 1626 3129 quie
1646 3088 1792 3125 pueros
1811 3080 2016 3119 blanditiis

1118 3126 1284 3185 allectos
1301 3136 1438 3167 vorare
1465 3132 1741 3170 credebantur.
1757 3134 1908 3181 Lamia,
1927 3142 2015 3172 une

1116 3186 1318 3217 sor-ciere.
1920 3202 1925 3211 ι

1175 3232 1266 3267 851.
1285 3228 1510 3273 Centurio.
1537 3238 1680 3274 sensus
1697 3240 1782 3275 est:
1804 3230 2014 3277 senes'im·

1118 3284 1292 3327 probant
1315 3287 1492 3323 carmina
1509 3289 1684 3335 inutilia,
1715 3300 1795 3329 non
1825 3296 1982 3332 morata
1998 3305 2013 3329 x

1120 3338 1164 3372 at
1180 3337 1367 3382 juvenes,
1393 3340 1546 3383 equites
1576 3341 1686 3383 (dicii
1716 3340 1926 3384 Rhamnes
1950 3347 2015 3385 rei

1120 3386 1403 3427 Rhamnensee
1432 3393 1507 3429 sui>
1537 3394 1726 3441 Romulo)
1749 3401 2017 3443 aspernantur

1116 3443 1252 3487 travia
1273 3445 1316 3480 et
1332 3451 1484 3482 severa.
