<?xml version="1.0" encoding="UTF-8"?>
<!DOCTYPE html PUBLIC "-//W3C//DTD XHTML 1.0 Transitional//EN"
    "http://www.w3.org/TR/xhtml1/DTD/xhtml1-transitional.dtd">
<html xmlns="http://www.w3.org/1999/xhtml" xml:lang="en" lang="en">
 <head>
  <title>
</title>
<meta http-equiv="Content-Type" content="text/html;charset=utf-8" />
  <meta name='ocr-system' content='tesseract 3.04.00' />
  <meta name='ocr-capabilities' content='ocr_page ocr_carea ocr_par ocr_line ocrx_word'/>
</head>
<body>
  <div class='ocr_page' id='page_1' title='image "./quintihoratiifl00jouvgoog_0011.png"; bbox 0 0 2317 3850; ppageno 0'>
   <div class='ocr_carea' id='block_1_1' title="bbox 716 526 1574 641">
    <p class='ocr_par' dir='ltr' id='par_1_1' title="bbox 716 526 1574 641">
     <span class='ocr_line' id='line_1_1' title="bbox 716 526 1574 641; baseline 0.007 -7"><span class='ocrx_word' id='word_1_1' title='bbox 716 526 1202 637; x_wconf 75' lang='lat' dir='ltr'>HoRATn</span> <span class='ocrx_word' id='word_1_2' title='bbox 1267 550 1574 641; x_wconf 85' lang='lat' dir='ltr'>VITA.</span> 
     </span>
    </p>
   </div>
   <div class='ocr_carea' id='block_1_2' title="bbox 912 802 1330 832">
    <p class='ocr_par' dir='ltr' id='par_1_2' title="bbox 912 802 1330 832">
     <span class='ocr_line' id='line_1_2' title="bbox 912 802 1330 832; baseline 0 3018"><span class='ocrx_word' id='word_1_3' title='bbox 912 802 1330 832; x_wconf 95' lang='lat' dir='ltr'> </span> 
     </span>
    </p>
   </div>
   <div class='ocr_carea' id='block_1_3' title="bbox 228 1078 2061 1250">
    <p class='ocr_par' dir='ltr' id='par_1_3' title="bbox 228 1078 2061 1250">
     <span class='ocr_line' id='line_1_3' title="bbox 296 1078 2060 1148; baseline -0.001 -9"><span class='ocrx_word' id='word_1_4' title='bbox 296 1084 481 1139; x_wconf 89' lang='lat' dir='ltr'>Natus</span> <span class='ocrx_word' id='word_1_5' title='bbox 508 1085 596 1137; x_wconf 86' lang='lat' dir='ltr'>est</span> <span class='ocrx_word' id='word_1_6' title='bbox 620 1078 919 1148; x_wconf 79' lang='lat' dir='ltr'>HoratiuS,</span> <span class='ocrx_word' id='word_1_7' title='bbox 951 1092 1097 1138; x_wconf 89' lang='lat' dir='ltr'>anno</span> <span class='ocrx_word' id='word_1_8' title='bbox 1128 1080 1200 1137; x_wconf 88' lang='lat' dir='ltr'>ab</span> <span class='ocrx_word' id='word_1_9' title='bbox 1231 1081 1366 1137; x_wconf 88' lang='lat' dir='ltr'>urbe</span> <span class='ocrx_word' id='word_1_10' title='bbox 1392 1080 1617 1139; x_wconf 85' lang='lat' dir='ltr'>condita</span> <span class='ocrx_word' id='word_1_11' title='bbox 1643 1078 1768 1147; x_wconf 87' lang='grc'>689,</span> <span class='ocrx_word' id='word_1_12' title='bbox 1800 1080 2060 1137; x_wconf 63' lang='lat' dir='ltr'>Venusiae</span> 
     </span>
     <span class='ocr_line' id='line_1_4' title="bbox 228 1178 2061 1250; baseline -0.001 -13"><span class='ocrx_word' id='word_1_13' title='bbox 228 1182 289 1237; x_wconf 90' lang='lat' dir='ltr'>in</span> <span class='ocrx_word' id='word_1_14' title='bbox 308 1178 515 1250; x_wconf 83' lang='lat' dir='ltr'>Apulia</span> <span class='ocrx_word' id='word_1_15' title='bbox 536 1218 551 1244; x_wconf 94' lang='lat'>,</span> <span class='ocrx_word' id='word_1_16' title='bbox 580 1183 739 1248; x_wconf 87' lang='lat' dir='ltr'>patre</span> <span class='ocrx_word' id='word_1_17' title='bbox 764 1178 1061 1244; x_wconf 83' lang='lat' dir='ltr'>libertino,</span> <span class='ocrx_word' id='word_1_18' title='bbox 1086 1183 1147 1235; x_wconf 78' lang='lat' dir='ltr'>at</span> <span class='ocrx_word' id='word_1_19' title='bbox 1173 1178 1476 1250; x_wconf 74' lang='lat' dir='ltr'><strong>locuplete,</strong></span> <span class='ocrx_word' id='word_1_20' title='bbox 1499 1192 1534 1235; x_wconf 87' lang='lat' dir='ltr'>a</span> <span class='ocrx_word' id='word_1_21' title='bbox 1555 1192 1670 1249; x_wconf 86' lang='lat' dir='ltr'>quo</span> <span class='ocrx_word' id='word_1_22' title='bbox 1701 1178 1931 1236; x_wconf 80' lang='lat' dir='ltr'>Romam</span> <span class='ocrx_word' id='word_1_23' title='bbox 1960 1178 2061 1235; x_wconf 88' lang='lat' dir='ltr'>du-</span> 
     </span>
    </p>
   </div>
   <div class='ocr_carea' id='block_1_4' title="bbox 220 1272 2061 1429">
    <p class='ocr_par' dir='ltr' id='par_1_4' title="bbox 220 1272 2061 1429">
     <span class='ocr_line' id='line_1_5' title="bbox 220 1272 2061 1358; baseline -0.002 -26"><span class='ocrx_word' id='word_1_24' title='bbox 220 1280 356 1333; x_wconf 85' lang='lat' dir='ltr'>ctus</span> <span class='ocrx_word' id='word_1_25' title='bbox 373 1315 390 1343; x_wconf 94' lang='lat'>,</span> <span class='ocrx_word' id='word_1_26' title='bbox 424 1278 481 1329; x_wconf 87' lang='lat' dir='ltr'>et</span> <span class='ocrx_word' id='word_1_27' title='bbox 506 1272 655 1329; x_wconf 86' lang='lat' dir='ltr'>inter</span> <span class='ocrx_word' id='word_1_28' title='bbox 682 1277 1000 1329; x_wconf 85' lang='lat' dir='ltr'>senatorum</span> <span class='ocrx_word' id='word_1_29' title='bbox 1028 1272 1616 1358; x_wconf 77' lang='lat' dir='ltr'>equitumquepue&#39;ros</span> <span class='ocrx_word' id='word_1_30' title='bbox 1639 1273 1952 1329; x_wconf 78' lang='lat' dir='ltr'><strong>liberaliter</strong></span> <span class='ocrx_word' id='word_1_31' title='bbox 1971 1278 2061 1329; x_wconf 87' lang='lat' dir='ltr'>est</span> 
     </span>
     <span class='ocr_line' id='line_1_6' title="bbox 228 1359 2060 1429; baseline 0 -10"><span class='ocrx_word' id='word_1_32' title='bbox 228 1363 524 1419; x_wconf 78' lang='lat' dir='ltr'>educatus.</span> <span class='ocrx_word' id='word_1_33' title='bbox 560 1360 757 1419; x_wconf 82' lang='lat' dir='ltr'>Annos</span> <span class='ocrx_word' id='word_1_34' title='bbox 794 1368 965 1418; x_wconf 77' lang='lat' dir='ltr'>natus</span> <span class='ocrx_word' id='word_1_35' title='bbox 1002 1360 1297 1417; x_wconf 79' lang='lat' dir='ltr'><strong>admodum</strong></span> <span class='ocrx_word' id='word_1_36' title='bbox 1343 1359 1430 1428; x_wconf 89' lang='grc'>19,</span> <span class='ocrx_word' id='word_1_37' title='bbox 1461 1360 1712 1417; x_wconf 83' lang='lat' dir='ltr'>Athenas</span> <span class='ocrx_word' id='word_1_38' title='bbox 1747 1362 1931 1429; x_wconf 89' lang='lat' dir='ltr'>petiit.</span> <span class='ocrx_word' id='word_1_39' title='bbox 1973 1361 2060 1419; x_wconf 86' lang='lat' dir='ltr'>lbi</span> 
     </span>
    </p>
   </div>
   <div class='ocr_carea' id='block_1_5' title="bbox 180 1451 2058 1527">
    <p class='ocr_par' dir='ltr' id='par_1_5' title="bbox 180 1451 2058 1527">
     <span class='ocr_line' id='line_1_7' title="bbox 180 1451 2058 1527; baseline 0 -17"><span class='ocrx_word' id='word_1_40' title='bbox 180 1464 185 1471; x_wconf 87' lang='lat'>·</span> <span class='ocrx_word' id='word_1_41' title='bbox 231 1453 600 1527; x_wconf 75' lang='lat' dir='ltr'>philosophiae</span> <span class='ocrx_word' id='word_1_42' title='bbox 625 1468 847 1525; x_wconf 89' lang='lat' dir='ltr'>operam</span> <span class='ocrx_word' id='word_1_43' title='bbox 870 1452 1073 1521; x_wconf 84' lang='lat' dir='ltr'>dabat,</span> <span class='ocrx_word' id='word_1_44' title='bbox 1088 1467 1261 1524; x_wconf 83' lang='lat' dir='ltr'>quum</span> <span class='ocrx_word' id='word_1_45' title='bbox 1279 1453 1508 1520; x_wconf 81' lang='lat' dir='ltr'>BrutuS,</span> <span class='ocrx_word' id='word_1_46' title='bbox 1531 1451 1751 1510; x_wconf 85' lang='lat' dir='ltr'>Caesare</span> <span class='ocrx_word' id='word_1_47' title='bbox 1767 1466 2058 1523; x_wconf 87' lang='lat' dir='ltr'>percusso,</span> 
     </span>
    </p>
   </div>
   <div class='ocr_carea' id='block_1_6' title="bbox 218 1547 2062 2002">
    <p class='ocr_par' dir='ltr' id='par_1_6' title="bbox 218 1547 2062 2002">
     <span class='ocr_line' id='line_1_8' title="bbox 220 1547 2062 1621; baseline 0 -14"><span class='ocrx_word' id='word_1_48' title='bbox 220 1549 454 1621; x_wconf 82' lang='lat' dir='ltr'><strong>fugiens</strong></span> <span class='ocrx_word' id='word_1_49' title='bbox 483 1549 542 1605; x_wconf 88' lang='lat' dir='ltr'>in</span> <span class='ocrx_word' id='word_1_50' title='bbox 580 1548 993 1615; x_wconf 85' lang='lat' dir='ltr'>Macedoniam,</span> <span class='ocrx_word' id='word_1_51' title='bbox 1022 1548 1185 1605; x_wconf 87' lang='lat' dir='ltr'>illum</span> <span class='ocrx_word' id='word_1_52' title='bbox 1219 1547 1458 1604; x_wconf 81' lang='lat' dir='ltr'>Athenis</span> <span class='ocrx_word' id='word_1_53' title='bbox 1487 1548 1790 1616; x_wconf 80' lang='lat' dir='ltr'>abstraxit,</span> <span class='ocrx_word' id='word_1_54' title='bbox 1821 1554 1876 1605; x_wconf 84' lang='lat' dir='ltr'>et</span> <span class='ocrx_word' id='word_1_55' title='bbox 1914 1551 2062 1607; x_wconf 88' lang='lat' dir='ltr'>mili-</span> 
     </span>
     <span class='ocr_line' id='line_1_9' title="bbox 220 1642 2058 1713; baseline 0.002 -12"><span class='ocrx_word' id='word_1_56' title='bbox 220 1649 347 1701; x_wconf 82' lang='lat' dir='ltr'>tum</span> <span class='ocrx_word' id='word_1_57' title='bbox 393 1644 680 1702; x_wconf 86' lang='lat' dir='ltr'>tribunum</span> <span class='ocrx_word' id='word_1_58' title='bbox 723 1644 783 1699; x_wconf 90' lang='lat' dir='ltr'>in</span> <span class='ocrx_word' id='word_1_59' title='bbox 822 1656 927 1701; x_wconf 79' lang='lat' dir='ltr'>suo</span> <span class='ocrx_word' id='word_1_60' title='bbox 963 1644 1208 1702; x_wconf 84' lang='lat' dir='ltr'>exercitu</span> <span class='ocrx_word' id='word_1_61' title='bbox 1251 1654 1376 1700; x_wconf 87' lang='lat' dir='ltr'>esse</span> <span class='ocrx_word' id='word_1_62' title='bbox 1405 1643 1601 1713; x_wconf 81' lang='lat' dir='ltr'>jussit.</span> <span class='ocrx_word' id='word_1_63' title='bbox 1634 1642 1948 1701; x_wconf 88' lang='lat' dir='ltr'>Commisso</span> <span class='ocrx_word' id='word_1_64' title='bbox 1989 1647 2058 1704; x_wconf 89' lang='lat' dir='ltr'>ad</span> 
     </span>
     <span class='ocr_line' id='line_1_10' title="bbox 218 1719 2060 1811; baseline 0.002 -18"><span class='ocrx_word' id='word_1_65' title='bbox 218 1719 521 1810; x_wconf 70' lang='lat' dir='ltr'>Philippos</span> <span class='ocrx_word' id='word_1_66' title='bbox 547 1737 769 1811; x_wconf 85' lang='lat' dir='ltr'>praelio,</span> <span class='ocrx_word' id='word_1_67' title='bbox 798 1738 857 1793; x_wconf 90' lang='lat' dir='ltr'>in</span> <span class='ocrx_word' id='word_1_68' title='bbox 878 1749 989 1808; x_wconf 83' lang='lat' dir='ltr'>quo</span> <span class='ocrx_word' id='word_1_69' title='bbox 1014 1752 1194 1795; x_wconf 71' lang='lat' dir='ltr'>caesus</span> <span class='ocrx_word' id='word_1_70' title='bbox 1219 1742 1306 1793; x_wconf 76' lang='lat' dir='ltr'>est</span> <span class='ocrx_word' id='word_1_71' title='bbox 1325 1734 1535 1793; x_wconf 82' lang='lat' dir='ltr'>Brutus</span> <span class='ocrx_word' id='word_1_72' title='bbox 1552 1778 1568 1804; x_wconf 95' lang='lat'>,</span> <span class='ocrx_word' id='word_1_73' title='bbox 1597 1734 1784 1807; x_wconf 82' lang='lat' dir='ltr'>fugam</span> <span class='ocrx_word' id='word_1_74' title='bbox 1815 1738 2060 1809; x_wconf 85' lang='lat' dir='ltr'>arripuit</span> 
     </span>
     <span class='ocr_line' id='line_1_11' title="bbox 226 1829 2057 1903; baseline 0.002 -17"><span class='ocrx_word' id='word_1_75' title='bbox 226 1829 523 1903; x_wconf 84' lang='lat' dir='ltr'>Horatius3</span> <span class='ocrx_word' id='word_1_76' title='bbox 552 1844 616 1889; x_wconf 90' lang='lat' dir='ltr'>ac</span> <span class='ocrx_word' id='word_1_77' title='bbox 642 1831 903 1899; x_wconf 87' lang='lat' dir='ltr'>Romam,</span> <span class='ocrx_word' id='word_1_78' title='bbox 932 1830 1078 1889; x_wconf 84' lang='lat' dir='ltr'>facto</span> <span class='ocrx_word' id='word_1_79' title='bbox 1118 1833 1186 1889; x_wconf 88' lang='lat' dir='ltr'>ad</span> <span class='ocrx_word' id='word_1_80' title='bbox 1217 1832 1542 1889; x_wconf 82' lang='lat' dir='ltr'>Palinurum</span> <span class='ocrx_word' id='word_1_81' title='bbox 1582 1832 1759 1889; x_wconf 85' lang='lat' dir='ltr'>ltaliae</span> <span class='ocrx_word' id='word_1_82' title='bbox 1796 1847 2057 1903; x_wconf 88' lang='lat' dir='ltr'>promon-</span> 
     </span>
     <span class='ocr_line' id='line_1_12' title="bbox 223 1929 2058 2002; baseline 0.002 -18"><span class='ocrx_word' id='word_1_83' title='bbox 223 1929 435 1986; x_wconf 87' lang='lat' dir='ltr'>torium</span> <span class='ocrx_word' id='word_1_84' title='bbox 466 1929 785 2002; x_wconf 73' lang='lat' dir='ltr'>nauti-agie,</span> <span class='ocrx_word' id='word_1_85' title='bbox 809 1930 903 1986; x_wconf 84' lang='lat' dir='ltr'>vix</span> <span class='ocrx_word' id='word_1_86' title='bbox 928 1930 1168 2000; x_wconf 83' lang='lat' dir='ltr'>appulit.</span> <span class='ocrx_word' id='word_1_87' title='bbox 1185 1929 1344 1996; x_wconf 78' lang='lat' dir='ltr'>Mox,</span> <span class='ocrx_word' id='word_1_88' title='bbox 1374 1929 1564 2000; x_wconf 89' lang='lat' dir='ltr'>inopia</span> <span class='ocrx_word' id='word_1_89' title='bbox 1587 1935 1839 2000; x_wconf 82' lang='lat' dir='ltr'>cogente,</span> <span class='ocrx_word' id='word_1_90' title='bbox 1858 1944 2058 1987; x_wconf 84' lang='lat' dir='ltr'>versus</span> 
     </span>
    </p>
   </div>
   <div class='ocr_carea' id='block_1_7' title="bbox 215 2021 2055 2185">
    <p class='ocr_par' dir='ltr' id='par_1_7' title="bbox 215 2021 2055 2185">
     <span class='ocr_line' id='line_1_13' title="bbox 215 2021 2055 2096; baseline 0.001 -17"><span class='ocrx_word' id='word_1_91' title='bbox 215 2021 477 2080; x_wconf 81' lang='lat' dir='ltr'>factitare</span> <span class='ocrx_word' id='word_1_92' title='bbox 506 2024 673 2096; x_wconf 85' lang='lat' dir='ltr'>coepit</span> <span class='ocrx_word' id='word_1_93' title='bbox 690 2066 706 2092; x_wconf 96' lang='lat'>,</span> <span class='ocrx_word' id='word_1_94' title='bbox 748 2035 891 2094; x_wconf 87' lang='lat' dir='ltr'>quos</span> <span class='ocrx_word' id='word_1_95' title='bbox 918 2023 1178 2095; x_wconf 83' lang='lat' dir='ltr'>legerunt</span> <span class='ocrx_word' id='word_1_96' title='bbox 1203 2023 1480 2096; x_wconf 80' lang='lat' dir='ltr'>Virgilius</span> <span class='ocrx_word' id='word_1_97' title='bbox 1505 2028 1562 2079; x_wconf 88' lang='lat' dir='ltr'>et</span> <span class='ocrx_word' id='word_1_98' title='bbox 1589 2021 1824 2092; x_wconf 77' lang='lat' dir='ltr'>VariuS,</span> <span class='ocrx_word' id='word_1_99' title='bbox 1865 2029 2055 2093; x_wconf 87' lang='lat' dir='ltr'>poeta-</span> 
     </span>
     <span class='ocr_line' id='line_1_14' title="bbox 220 2113 2052 2185; baseline 0.001 -17"><span class='ocrx_word' id='word_1_100' title='bbox 220 2125 355 2169; x_wconf 88' lang='lat' dir='ltr'>rum</span> <span class='ocrx_word' id='word_1_101' title='bbox 398 2113 459 2168; x_wconf 89' lang='lat' dir='ltr'>in</span> <span class='ocrx_word' id='word_1_102' title='bbox 503 2114 639 2170; x_wconf 86' lang='lat' dir='ltr'>urbe</span> <span class='ocrx_word' id='word_1_103' title='bbox 682 2117 801 2170; x_wconf 85' lang='lat' dir='ltr'>tum</span> <span class='ocrx_word' id='word_1_104' title='bbox 851 2113 1164 2185; x_wconf 82' lang='lat' dir='ltr'>principes,</span> <span class='ocrx_word' id='word_1_105' title='bbox 1203 2127 1266 2170; x_wconf 89' lang='lat' dir='ltr'>ac</span> <span class='ocrx_word' id='word_1_106' title='bbox 1317 2113 1640 2182; x_wconf 85' lang='lat' dir='ltr'>Maecenati,</span> <span class='ocrx_word' id='word_1_107' title='bbox 1679 2113 1801 2170; x_wconf 79' lang='lat' dir='ltr'>viro</span> <span class='ocrx_word' id='word_1_108' title='bbox 1841 2114 2052 2183; x_wconf 86' lang='lat' dir='ltr'>nobili,</span> 
     </span>
    </p>
   </div>
   <div class='ocr_carea' id='block_1_8' title="bbox 206 2208 2056 3131">
    <p class='ocr_par' dir='ltr' id='par_1_8' title="bbox 206 2208 2056 3131">
     <span class='ocr_line' id='line_1_15' title="bbox 227 2208 2053 2280; baseline 0.004 -21"><span class='ocrx_word' id='word_1_109' title='bbox 227 2217 458 2260; x_wconf 84' lang='lat' dir='ltr'>summa</span> <span class='ocrx_word' id='word_1_110' title='bbox 492 2208 635 2276; x_wconf 83' lang='lat' dir='ltr'>apud</span> <span class='ocrx_word' id='word_1_111' title='bbox 676 2208 993 2280; x_wconf 83' lang='lat' dir='ltr'>Augustum</span> <span class='ocrx_word' id='word_1_112' title='bbox 1035 2209 1247 2278; x_wconf 81' lang='lat' dir='ltr'>gratia,</span> <span class='ocrx_word' id='word_1_113' title='bbox 1293 2214 1350 2264; x_wconf 87' lang='lat' dir='ltr'>et</span> <span class='ocrx_word' id='word_1_114' title='bbox 1385 2208 1732 2264; x_wconf 88' lang='lat' dir='ltr'>eruditorum</span> <span class='ocrx_word' id='word_1_115' title='bbox 1781 2215 2053 2280; x_wconf 87' lang='lat' dir='ltr'>patrono,</span> 
     </span>
     <span class='ocr_line' id='line_1_16' title="bbox 222 2296 2056 2369; baseline 0.004 -17"><span class='ocrx_word' id='word_1_116' title='bbox 222 2296 550 2354; x_wconf 82' lang='lat' dir='ltr'>laudavere.</span> <span class='ocrx_word' id='word_1_117' title='bbox 578 2297 631 2354; x_wconf 92' lang='lat' dir='ltr'>Is</span> <span class='ocrx_word' id='word_1_118' title='bbox 658 2300 945 2358; x_wconf 86' lang='lat' dir='ltr'>Horatium</span> <span class='ocrx_word' id='word_1_119' title='bbox 964 2307 1156 2367; x_wconf 87' lang='lat' dir='ltr'>vocat,</span> <span class='ocrx_word' id='word_1_120' title='bbox 1186 2299 1410 2369; x_wconf 86' lang='lat' dir='ltr'>probat,</span> <span class='ocrx_word' id='word_1_121' title='bbox 1443 2313 1506 2354; x_wconf 88' lang='lat' dir='ltr'>ac</span> <span class='ocrx_word' id='word_1_122' title='bbox 1532 2300 1726 2368; x_wconf 88' lang='lat' dir='ltr'>paucis</span> <span class='ocrx_word' id='word_1_123' title='bbox 1753 2307 1882 2368; x_wconf 86' lang='lat' dir='ltr'>post</span> <span class='ocrx_word' id='word_1_124' title='bbox 1905 2317 2056 2359; x_wconf 87' lang='lat' dir='ltr'>men-</span> 
     </span>
     <span class='ocr_line' id='line_1_17' title="bbox 217 2390 2054 2464; baseline 0.004 -18"><span class='ocrx_word' id='word_1_125' title='bbox 217 2390 394 2446; x_wconf 83' lang='lat' dir='ltr'>sibus</span> <span class='ocrx_word' id='word_1_126' title='bbox 424 2392 481 2447; x_wconf 92' lang='lat' dir='ltr'>in</span> <span class='ocrx_word' id='word_1_127' title='bbox 510 2407 734 2450; x_wconf 89' lang='lat' dir='ltr'>suorum</span> <span class='ocrx_word' id='word_1_128' title='bbox 765 2407 1000 2451; x_wconf 89' lang='lat' dir='ltr'>numero</span> <span class='ocrx_word' id='word_1_129' title='bbox 1028 2407 1151 2450; x_wconf 92' lang='lat' dir='ltr'>esse</span> <span class='ocrx_word' id='word_1_130' title='bbox 1173 2392 1369 2464; x_wconf 83' lang='lat' dir='ltr'>jubet:</span> <span class='ocrx_word' id='word_1_131' title='bbox 1397 2392 1676 2461; x_wconf 83' lang='lat' dir='ltr'>simulque</span> <span class='ocrx_word' id='word_1_132' title='bbox 1700 2392 1810 2461; x_wconf 90' lang='lat' dir='ltr'>ipsi</span> <span class='ocrx_word' id='word_1_133' title='bbox 1840 2396 2054 2454; x_wconf 83' lang='lat' dir='ltr'>veniam</span> 
     </span>
     <span class='ocr_line' id='line_1_18' title="bbox 215 2484 2052 2559; baseline 0.003 -18"><span class='ocrx_word' id='word_1_134' title='bbox 215 2485 289 2541; x_wconf 83' lang='lat' dir='ltr'>ab</span> <span class='ocrx_word' id='word_1_135' title='bbox 313 2484 547 2544; x_wconf 86' lang='lat' dir='ltr'>Octavio</span> <span class='ocrx_word' id='word_1_136' title='bbox 570 2487 820 2555; x_wconf 85' lang='lat' dir='ltr'>Caesare,</span> <span class='ocrx_word' id='word_1_137' title='bbox 852 2490 951 2559; x_wconf 83' lang='lat' dir='ltr'>qui</span> <span class='ocrx_word' id='word_1_138' title='bbox 978 2493 1172 2559; x_wconf 86' lang='lat' dir='ltr'>postea</span> <span class='ocrx_word' id='word_1_139' title='bbox 1197 2487 1491 2559; x_wconf 82' lang='lat' dir='ltr'>Augustus</span> <span class='ocrx_word' id='word_1_140' title='bbox 1519 2485 1705 2542; x_wconf 89' lang='lat' dir='ltr'>dictus</span> <span class='ocrx_word' id='word_1_141' title='bbox 1727 2490 1815 2542; x_wconf 86' lang='lat' dir='ltr'>est</span> <span class='ocrx_word' id='word_1_142' title='bbox 1831 2529 1846 2554; x_wconf 91' lang='lat'>,</span> <span class='ocrx_word' id='word_1_143' title='bbox 1878 2487 2052 2559; x_wconf 87' lang='lat' dir='ltr'>impe-</span> 
     </span>
     <span class='ocr_line' id='line_1_19' title="bbox 218 2580 2052 2656; baseline 0.005 -23"><span class='ocrx_word' id='word_1_144' title='bbox 218 2584 361 2646; x_wconf 88' lang='lat' dir='ltr'>trat,</span> <span class='ocrx_word' id='word_1_145' title='bbox 394 2580 545 2650; x_wconf 91' lang='lat' dir='ltr'>quod</span> <span class='ocrx_word' id='word_1_146' title='bbox 571 2581 733 2640; x_wconf 86' lang='lat' dir='ltr'>Bruti</span> <span class='ocrx_word' id='word_1_147' title='bbox 764 2587 823 2638; x_wconf 87' lang='lat' dir='ltr'>et</span> <span class='ocrx_word' id='word_1_148' title='bbox 854 2581 1040 2641; x_wconf 89' lang='lat' dir='ltr'>Cassii</span> <span class='ocrx_word' id='word_1_149' title='bbox 1082 2587 1272 2655; x_wconf 85' lang='lat' dir='ltr'>partes</span> <span class='ocrx_word' id='word_1_150' title='bbox 1310 2588 1538 2640; x_wconf 88' lang='lat' dir='ltr'>secutus</span> <span class='ocrx_word' id='word_1_151' title='bbox 1565 2586 1739 2640; x_wconf 83' lang='lat' dir='ltr'>esset.</span> <span class='ocrx_word' id='word_1_152' title='bbox 1775 2584 1909 2641; x_wconf 89' lang='lat' dir='ltr'>Fuit</span> <span class='ocrx_word' id='word_1_153' title='bbox 1941 2585 2052 2656; x_wconf 88' lang='lat' dir='ltr'>ipsi</span> 
     </span>
     <span class='ocr_line' id='line_1_20' title="bbox 216 2675 2052 2750; baseline 0.006 -21"><span class='ocrx_word' id='word_1_154' title='bbox 216 2686 444 2744; x_wconf 86' lang='lat' dir='ltr'>quoque</span> <span class='ocrx_word' id='word_1_155' title='bbox 480 2675 741 2748; x_wconf 83' lang='lat' dir='ltr'>Augusto</span> <span class='ocrx_word' id='word_1_156' title='bbox 779 2677 1107 2734; x_wconf 88' lang='lat' dir='ltr'>carissimus</span> <span class='ocrx_word' id='word_1_157' title='bbox 1143 2683 1200 2735; x_wconf 91' lang='lat' dir='ltr'>et</span> <span class='ocrx_word' id='word_1_158' title='bbox 1227 2679 1676 2750; x_wconf 75' lang='lat' dir='ltr'>acceptissimus,</span> <span class='ocrx_word' id='word_1_159' title='bbox 1711 2677 1873 2738; x_wconf 87' lang='lat' dir='ltr'>Obiit</span> <span class='ocrx_word' id='word_1_160' title='bbox 1902 2694 2052 2740; x_wconf 91' lang='lat' dir='ltr'>anno</span> 
     </span>
     <span class='ocr_line' id='line_1_21' title="bbox 216 2767 2048 2847; baseline 0.008 -26"><span class='ocrx_word' id='word_1_161' title='bbox 216 2769 403 2824; x_wconf 85' lang='lat' dir='ltr'>aetatis</span> <span class='ocrx_word' id='word_1_162' title='bbox 426 2767 519 2839; x_wconf 82' lang='lat'>57,</span> <span class='ocrx_word' id='word_1_163' title='bbox 548 2773 621 2828; x_wconf 92' lang='lat' dir='ltr'>U.</span> <span class='ocrx_word' id='word_1_164' title='bbox 646 2772 715 2831; x_wconf 92' lang='lat' dir='ltr'>C.</span> <span class='ocrx_word' id='word_1_165' title='bbox 743 2772 869 2841; x_wconf 82' lang='lat'>746,</span> <span class='ocrx_word' id='word_1_166' title='bbox 908 2775 1100 2831; x_wconf 86' lang='lat' dir='ltr'>eodem</span> <span class='ocrx_word' id='word_1_167' title='bbox 1133 2788 1246 2846; x_wconf 86' lang='lat' dir='ltr'>quo</span> <span class='ocrx_word' id='word_1_168' title='bbox 1280 2775 1586 2843; x_wconf 79' lang='lat' dir='ltr'>MaecenaS,</span> <span class='ocrx_word' id='word_1_169' title='bbox 1609 2776 1770 2846; x_wconf 83' lang='lat' dir='ltr'>juxta</span> <span class='ocrx_word' id='word_1_170' title='bbox 1797 2791 1962 2847; x_wconf 90' lang='lat' dir='ltr'>quem</span> <span class='ocrx_word' id='word_1_171' title='bbox 1990 2779 2048 2836; x_wconf 91' lang='lat' dir='ltr'>in</span> 
     </span>
     <span class='ocr_line' id='line_1_22' title="bbox 212 2863 2050 2945; baseline 0.007 -25"><span class='ocrx_word' id='word_1_172' title='bbox 212 2863 499 2936; x_wconf 91' lang='lat' dir='ltr'>Esquiliis</span> <span class='ocrx_word' id='word_1_173' title='bbox 530 2868 797 2928; x_wconf 87' lang='lat' dir='ltr'>conditus</span> <span class='ocrx_word' id='word_1_174' title='bbox 832 2874 940 2928; x_wconf 89' lang='lat' dir='ltr'>est.</span> <span class='ocrx_word' id='word_1_175' title='bbox 978 2871 1140 2942; x_wconf 89' lang='lat' dir='ltr'>Quod</span> <span class='ocrx_word' id='word_1_176' title='bbox 1183 2873 1504 2944; x_wconf 81' lang='lat' dir='ltr'>ingenium,</span> <span class='ocrx_word' id='word_1_177' title='bbox 1535 2872 1634 2943; x_wconf 91' lang='lat' dir='ltr'>qui</span> <span class='ocrx_word' id='word_1_178' title='bbox 1681 2886 1895 2941; x_wconf 80' lang='lat' dir='ltr'>moreS,</span> <span class='ocrx_word' id='word_1_179' title='bbox 1925 2889 2050 2945; x_wconf 82' lang='lat' dir='ltr'>quae</span> 
     </span>
     <span class='ocr_line' id='line_1_23' title="bbox 210 2960 2048 3039; baseline 0.007 -25"><span class='ocrx_word' id='word_1_180' title='bbox 210 2960 418 3033; x_wconf 82' lang='lat' dir='ltr'>religio</span> <span class='ocrx_word' id='word_1_181' title='bbox 446 2962 555 3019; x_wconf 82' lang='lat' dir='ltr'>viri</span> <span class='ocrx_word' id='word_1_182' title='bbox 586 2961 793 3034; x_wconf 74' lang='lat' dir='ltr'>fuerit,</span> <span class='ocrx_word' id='word_1_183' title='bbox 823 2979 853 3022; x_wconf 90' lang='lat' dir='ltr'>e</span> <span class='ocrx_word' id='word_1_184' title='bbox 884 2967 1113 3038; x_wconf 85' lang='lat' dir='ltr'>scriptis</span> <span class='ocrx_word' id='word_1_185' title='bbox 1150 2972 1324 3039; x_wconf 85' lang='lat' dir='ltr'>patet.</span> <span class='ocrx_word' id='word_1_186' title='bbox 1353 2965 1602 3038; x_wconf 86' lang='lat' dir='ltr'>Corpore</span> <span class='ocrx_word' id='word_1_187' title='bbox 1629 2967 1860 3025; x_wconf 85' lang='lat' dir='ltr'>obesum</span> <span class='ocrx_word' id='word_1_188' title='bbox 1879 3011 1894 3037; x_wconf 86' lang='lat'>,</span> <span class='ocrx_word' id='word_1_189' title='bbox 1923 2969 2048 3026; x_wconf 84' lang='lat' dir='ltr'>bre·</span> 
     </span>
     <span class='ocr_line' id='line_1_24' title="bbox 206 3054 1904 3131; baseline 0.008 -26"><span class='ocrx_word' id='word_1_190' title='bbox 206 3066 333 3108; x_wconf 63' lang='lat' dir='ltr'>vem</span> <span class='ocrx_word' id='word_1_191' title='bbox 354 3096 369 3120; x_wconf 94' lang='lat'>,</span> <span class='ocrx_word' id='word_1_192' title='bbox 396 3054 613 3126; x_wconf 88' lang='lat' dir='ltr'>lippum</span> <span class='ocrx_word' id='word_1_193' title='bbox 637 3100 653 3126; x_wconf 93' lang='lat'>,</span> <span class='ocrx_word' id='word_1_194' title='bbox 688 3073 998 3129; x_wconf 82' lang='lat' dir='ltr'>praecanum</span> <span class='ocrx_word' id='word_1_195' title='bbox 1016 3103 1029 3129; x_wconf 92' lang='lat'>,</span> <span class='ocrx_word' id='word_1_196' title='bbox 1059 3062 1181 3131; x_wconf 87' lang='lat' dir='ltr'>ipse</span> <span class='ocrx_word' id='word_1_197' title='bbox 1206 3075 1265 3117; x_wconf 93' lang='lat' dir='ltr'>se</span> <span class='ocrx_word' id='word_1_198' title='bbox 1285 3060 1462 3117; x_wconf 84' lang='lat' dir='ltr'>fuisse</span> <span class='ocrx_word' id='word_1_199' title='bbox 1490 3068 1904 3119; x_wconf 83' lang='lat' dir='ltr'>commemorat.</span> 
     </span>
    </p>
   </div>
  </div>
 </body>
</html>
