2317 3850
2052 93 2167 176 ’W

885 167 954 212 u·
987 165 1257 212 nunninus
1288 167 1555 214 vomicis.
2014 167 2137 216 m

985 293 1144 346 cnm
1172 293 1257 346 xl.
1292 292 1475 344 Pmro.

362 408 598 461 Plutonis
614 408 804 471 conjux
823 405 1146 470 Proserpina,
1170 408 1373 460 Cereris
1390 407 1495 458 fllia
1509 445 1523 466 ‚
1551 419 1707 471 quam
1725 417 1909 470 rapere
1926 411 2137 458 coactus

295 481 408 534 est,
453 475 576 538 quia
613 473 826 525 dearum
865 473 1056 524 nullam
1081 511 1094 530 ‚
1139 485 1258 537 quae
1298 480 1403 524 tam
1444 471 1689 525 deformis
1729 473 1875 535 renni
1926 471 2137 522 domino

295 541 469 591 vellet
485 541 699 598 nubere,
716 539 1009 589 inveniebat
1022 539 1260 602 (Metam.
1283 540 1372 590 lib.
1395 539 1467 603 5).
1494 537 1781 590 inferorum
1801 536 1959 596 fluvii.
1981 537 2138 588 Ache·

299 619 424 663 ron,
447 605 690 670 cocythus
705 644 719 662 ,
746 605 1093 667 Phlegethon3
1116 605 1265 669 palus
1284 644 1297 662 ‚
1322 606 1447 669 Styx
1467 605 1710 668 (Metam,
1735 605 1827 654 lib.
1848 604 1930 668 2).
1953 603 2136 656 Custos

302 670 618 728 inferorum.
657 671 946 728 Cerberus,
987 671 1126 720 canis
1166 672 1389 734 triceps;
1434 672 1667 734 portitor,
1707 671 1905 722 Charon
1923 708 1936 727 ‚
1975 681 2136 720 senex

305 734 636 786 inexorabilis
654 753 666 786 ε
683 735 979 792 carnifices,
1007 736 1175 787 Furiae
1197 742 1331 796 treS,
1353 738 1549 793 Alecto,
1578 737 1792 799 Megaera
1806 776 1818 794 ,
1839 734 2131 797 Tisiphone.

308 801 525 864 flagellis
539 809 591 852 et
611 800 808 854 facibus
834 807 1042 852 armatae
1063 800 1306 864 (Metam,
1337 803 1413 853 lib
1438 804 1518 867 4).
1538 803 1764 853 Plutonis
1788 801 2099 853 administrae
2116 839 2131 862 .

307 867 477 918 Parcae
504 873 645 918 tres:
683 867 863 919 Clotho
881 905 894 924 ‚
932 868 1199 926 Lachesis,
1235 869 1471 932 Atropos.
1510 869 1615 920 111ae
1649 867 1851 920 fatalem
1885 867 2137 918 tenebant

305 934 504 990 colum,
527 934 682 984 modo
699 935 844 996 nigra
870 932 1148 983 involutam
1170 934 1285 983 lana
1303 973 1316 992 ‚
1344 935 1499 985 modo
1526 934 1644 984 alba
1661 973 1674 990 .
1702 947 1767 984 ex
1793 947 1959 998 eaque
1988 932 2134 984 filum

303 998 566 1050 ducebant
585 1037 598 1056 ‚
643 1012 748 1062 quo
788 999 954 1050 reciso
973 1037 986 1057 ,
1027 999 1351 1062 pereundum
1388 1007 1519 1051 erat.
1561 1002 1873 1052 Mortuorum
1917 999 2098 1050 animae
2114 1037 2127 1057 ,

299 1077 464 1128 opera
481 1065 746 1115 charontis
763 1070 1067 1115 transvectae
1079 1103 1092 1122 ‚
1113 1064 1504 1118 deducebantur
1520 1080 1549 1116 a
1570 1067 1823 1117 Mercurio
1848 1065 2134 1128 adjudices

299 1131 540 1188 AEacum,
573 1131 818 1190 Minoem.
843 1136 897 1182 et
920 1131 1387 1183 Rhadamanthum:
1417 1133 1509 1196 qui
1525 1171 1539 1190 ,
1562 1145 1787 1196 expensa
1812 1132 2133 1194 singulorum

299 1197 405 1248 vita
418 1237 432 1256 ,
457 1197 649 1260 probos
667 1197 940 1248 mittebant
963 1197 1016 1247 in
1036 1196 1261 1260 Elysium
1274 1237 1286 1254 .
1308 1199 1587 1250 sceleratos
1604 1199 1656 1248 in
1675 1199 1939 1249 Tartarum
1958 1195 2136 1247 detru-

297 1261 516 1314 debant.
561 1264 752 1314 Eorum
780 1275 959 1326 poenas
989 1269 1044 1314 et
1076 1263 1353 1327 insignium
1378 1263 1783 1316 facinorosorum
1808 1263 2011 1314 nomina
2038 1262 2131 1312 de-

297 1329 485 1380 scribit
501 1329 712 1380 Ovidius
725 1366 740 1386 ,
763 1329 1005 1392 (Metam,
1027 1329 1118 1378 lib.
1146 1329 1220 1392 ⁴).

367 1395 530 1446 Porro
553 1396 734 1444 animae
755 1393 808 1444 ini
831 1395 1026 1457 Elysios
1051 1407 1263 1458 campos
1282 1393 1475 1450 missae,
1498 1398 1617 1458 post
1642 1399 1845 1444 certum
1878 1405 2132 1445 annorum

305 1473 579 1512 numerum
601 1499 617 1520 .
651 1473 717 1511 ex
755 1461 818 1512 iis
847 1461 1221 1519 educebantur,
1248 1466 1303 1510 et
1335 1459 1387 1510 in
1424 1459 1522 1510 alia
1557 1459 1845 1524 migrabant
1878 1470 2095 1523 corpora
2112 1495 2127 1517 ‚

305 1538 489 1577 novam
524 1533 586 1576 ut
616 1527 774 1578 vitam
805 1526 1151 1577 instituerent.
1193 1526 1296 1577 Sed
1338 1532 1613 1591 antequam
1652 1525 1890 1576 felicibus
1932 1527 2134 1578 exirent

301 1593 494 1656 campis
512 1631 524 1650 ,
556 1592 862 1643 hauriebant
883 1604 1044 1654 aquas
1063 1592 1205 1643 fluvii
1236 1593 1444 1650 LetheS,
1472 1605 1692 1657 quarum
1718 1605 1781 1643 ea
1801 1591 1878 1644 vis
1906 1598 2043 1652 erat,
2072 1595 2133 1644 ut

299 1670 477 1711 rerum
500 1658 731 1710 omnium
757 1659 1129 1722 praeteritarum
1151 1658 1463 1710 oblivionem
1487 1657 1748 1710 afferrent.
1770 1659 1955 1710 Mortui
1969 1697 1983 1716 ,
2006 1670 2134 1722 quo-

298 1737 420 1782 rum
455 1725 712 1789 insepulta
731 1725 966 1786 iacerent
993 1725 1271 1782 cadavera,
1310 1731 1519 1776 centum
1548 1739 1709 1775 annos
1736 1725 1789 1775 in
1820 1725 1930 1790 ripa
1962 1725 2131 1788 Stygis

303 1789 570 1849 errabant,
595 1792 786 1855 quibus
815 1790 1032 1848 exactiS‚
1055 1804 1084 1840 a
1105 1791 1356 1842 Charonte
1384 1791 1878 1842 transmittebantur.
1904 1791 2130 1841 Plutonis

303 1855 505 1906 nomina
530 1858 626 1908 tria
663 1869 770 1920 prae
803 1857 991 1906 ceteris
1017 1862 1168 1906 erant
1197 1857 1451 1908 illustria:
1481 1858 1645 1908 Orcus
1666 1857 1953 1914 dicebatur,
1980 1855 2131 1920 quasi

305 1920 496 1985 Urgus„
521 1924 600 1973 vel
622 1923 846 1987 Uragus,
870 1921 1012 1984 quod
1038 1936 1219 1974 omnes
1246 1932 1461 1988 urgeret
1477 1926 1530 1975 in
1548 1924 1839 1984 interitum
1862 1922 2095 1975 Februus
2110 1960 2127 1981 ,

299 1988 370 2047 ,ab
403 1989 618 2052 antiquo
639 1991 802 2039 verbo
827 1990 1036 2051 februo,
1077 1986 1218 2052 quod
1268 1990 1519 2054 significat
1554 2004 1745 2055 purgo.
1784 1992 1977 2048 lustro;
2009 1988 2131 2051 quia

298 2056 353 2104 in
369 2054 678 2105 funebribus
695 2054 1002 2107 caerimoniis
1029 2057 1206 2107 multae
1233 2057 1560 2108 lustrationes
1572 2063 1626 2108 et
1644 2056 1973 2121 purgationes
1992 2052 2131 2107 adhi·
2224 2089 2227 2090 ν

299 2120 606 2171 bebantur:
645 2122 898 2185 praecipua
938 2122 1173 2183 quaedam
1208 2136 1353 2175 sacra
1390 2123 1591 2174 Plutoni
1628 2122 1848 2181 fiebant,
1889 2122 2024 2172 dicta
2058 2120 2129 2171 ob

308 2184 550 2233 eamdem
587 2198 788 2236 causam
825 2187 1026 2237 Februa
1046 2226 1060 2247 ‚
1105 2188 1243 2239 unde
1284 2188 1449 2242 etiam,
1475 2190 1626 2240 fluxit
1657 2201 1845 2240 nomen
1884 2178 2131 2237 februarii

311 2249 510 2299 mensis
527 2287 540 2306 ,
565 2262 668 2311 quo
684 2251 793 2301 haec
812 2253 1060 2305 sacrificia
1087 2255 1483 2316 peragebantur.
1514 2254 1743 2302 Plutonis
1770 2253 2073 2303 vocabulum
2098 2264 2131 2305 a

308 2326 482 2377 graeca
519 2314 868 2369 vocedivitias
913 2318 1261 2382 significante,
1300 2318 1525 2372 ducitur.
1564 2316 1685 2379 quia
1719 2328 1903 2365 aurum
1938 2322 1991 2365 et
2028 2318 2131 2369 alia

304 2381 518 2431 metalla
533 2382 586 2431 in
603 2381 752 2433 imam
769 2386 1010 2436 tellurem
1028 2391 1225 2434 naturae
1244 2383 1452 2447 provida
1470 2381 1759 2444 benignitas
1775 2418 1789 2437 ,
1812 2387 1870 2430 ut
1885 2380 2127 2449 laterent,

299 2448 542 2505 retrusit,
564 2448 794 2513 ipsisque
815 2451 1044 2501 admovit
1062 2449 1269 2507 inferia,
1299 2462 1359 2499 ac
1382 2448 1607 2497 Plutonis
1634 2446 1844 2497 arbitrio
1874 2446 2126 2509 subjecit,

297 2521 360 2565 ut
381 2513 644 2578 fingebant
661 2521 827 2579 poetae
850 2534 863 2566 ε
889 2516 982 2580 qui
1004 2522 1177 2567 tamen
1196 2514 1507 2578 peculiarem
1528 2512 1682 2564 deum
1700 2552 1713 2571 ,
1734 2511 1961 2563 Plutonis
1975 2513 2133 2564 admi-

299 2581 535 2641 nistrum,
555 2582 746 2637 divitiis
765 2581 1134 2646 praefecerunt,
1159 2582 1364 2633 Plutum
1386 2580 1618 2640 nomine:
1640 2580 1880 2632 claudum
1902 2576 2097 2631 faciunt
2110 2618 2126 2641 ,

300 2648 422 2727 quia
443 2648 590 2701 tarde
611 2653 980 2712 comparantur
998 2662 1128 2713 opes
1147 2664 1161 2709 ;
1184 2662 1379 2701 caecum
1392 2688 1405 2708 ,
1431 2649 1553 2713 quia
1570 2660 1707 2713 saepe
1726 2646 1995 2701 immeritis
2012 2660 2133 2699 con-

675 2780 837 2831 CArur
863 2780 968 2843 xn.
1004 2780 1132 2841 Pan,
1158 2782 1351 2833 Faunus
1367 2820 1381 2841 ,
1408 2782 1589 2833 Sarni
1604 2818 1617 2841 ,
1639 2794 1750 2835 mc.

364 2911 430 2961 Ut
451 2910 572 2963 coeli
589 2915 645 2960 et
663 2908 970 2969 inferorum,
989 2911 1065 2961 sic
1081 2914 1237 2961 terrae
1256 2908 1463 2973 propria
1482 2906 1717 2971 quaedam
1736 2912 1884 2958 erant
1900 2905 2126 2957 numina.

295 2976 584 3039 Principem
615 2975 752 3026 inter
783 2980 1016 3037 agrestes
1048 2974 1175 3025 deos
1206 2976 1376 3026 locum
1408 2974 1710 3025 obtinebant
1737 2975 1839 3025 Pan
1874 2980 1930 3024 et
1962 2972 2128 3022 PaleS.

295 3042 400 3093 Pan
419 3080 434 3099 ,
458 3041 698 3093 Mercurii
730 3038 900 3099 filius,
936 3040 1079 3103 capri
1107 3046 1266 3103 caput
1294 3053 1358 3091 ac
1380 3041 1567 3105 pedes,
1600 3053 1801 3093 necnon
1832 3038 2045 3089 barbam
2076 3042 2133 3087 et

293 3120 491 3159 cornua
529 3106 752 3170 gerebat
786 3124 798 3157 ε
841 3107 989 3158 illum
1023 3106 1400 3157 comitabantur
1434 3106 1599 3170 Satyri
1618 3144 1632 3165 ‚
1672 3118 1774 3157 non
1815 3102 2127 3162 dissimiles;

292 3173 528 3237 itemque
553 3172 818 3231 Silvanus,
853 3172 1098 3223 silvarum
1127 3185 1338 3237 praeseS.
1368 3174 1423 3223 In
1456 3171 1669 3223 Arcadia
1704 3169 1961 3233 praecipue
1988 3168 2129 3219 cole·

293 3240 453 3289 batur
475 3238 580 3289 Pan
604 3254 618 3289 z
652 3238 768 3301 ejus
813 3237 864 3289 in
890 3240 1138 3289 honorem
1172 3238 1374 3289 Romani
1403 3250 1582 3289 mense
1608 3234 1870 3287 februario
1896 3236 2129 3299 celebra·⁴

292 3304 423 3355 bant
455 3303 786 3367 Lupercalia.
829 3305 1021 3369 quibus
1051 3304 1104 3353 in
1135 3302 1280 3353 sestis
1313 3304 1531 3368 Luperci
1550 3342 1563 3361 ,
1601 3303 1763 3352 Panos
1796 3303 2091 3353 sacerdotes
2109 3338 2127 3361 .

293 3370 422 3421 nudi
446 3382 541 3432 per
556 3369 746 3420 urbem
770 3368 1145 3421 discurrebant.
1170 3368 1269 3419 Pan
1286 3406 1299 3425 .
1324 3374 1385 3419 ut
1414 3370 1529 3432 ipsa
1548 3381 1649 3419 vox
1670 3380 1837 3431 graeca
1860 3367 2048 3423 innuit,
2070 3379 2131 3414 ac

295 3440 519 3487 testatur
535 3435 746 3487 Servius
758 3474 773 3495 .
793 3436 1084 3502 symbolum
1101 3440 1215 3485 erat
1230 3434 1455 3485 universi
1481 3433 1623 3485 orbis
1635 3471 1651 3491 ,
1687 3434 1743 3483 in
1761 3446 1867 3495 quo
1897 3430 2129 3481 homines

1845 3525 1899 3563 6·
